3326 4906
117 873 120 878 ,
181 777 282 853 ehurn
307 775 422 853 rineit.
448 777 531 852 'lum
555 776 629 851 iuro
651 777 736 872 apud
761 797 795 852 re
818 777 1006 866 constituto,
1029 776 1074 854 ah
1099 777 1234 878 homine
1250 779 1432 878 dispareret

183 921 217 980 et
246 912 392 994 Boeoto.
422 900 636 1006 quaeeunque
665 919 765 992 eunt,
797 918 836 983 nt
865 911 1050 1004 anguillas.
1081 932 1185 997 ares,
1216 912 1343 1010 lepores
1366 897 1432 990 etess
1521 919 1523 923 ’

183 1064 285 1138 parvo
309 1046 415 1140 pretio
437 1049 518 1117 eruit
530 1094 542 1128 ,
575 1068 655 1139 paee
680 1046 860 1139 emptisque
885 1045 1062 1139 tranquille
1085 1049 1221 1130 fruens,
1251 1050 1327 1120 ullis
1351 1071 1431 1123 rere

183 1179 365 1270 petentibus
394 1202 525 1252 suorum
555 1181 715 1252 honorum
748 1177 855 1257 nihil,
887 1201 989 1256 norae
1014 1189 1138 1272 nuptae
1161 1181 1247 1264 soli,
1277 1180 1431 1275 quoniam

135 1375 138 1380 Α
181 1309 332 1395 lamina,
358 1333 446 1403 quae
470 1308 551 1380 belli
581 1309 801 1381 incommodis
830 1309 1028 1391 adlioiatur,
1053 1308 1184 1403 indigna
1210 1311 1278 1392 eit,
1308 1333 1432 1404 parru-

180 1440 228 1512 lae
257 1441 405 1513 inducias
434 1441 604 1522 coneeditr
634 1441 796 1534 denique,
827 1463 894 1535 quo
927 1453 1070 1536 tempore
1102 1441 1288 1516 Lamachus
1318 1449 1432 1517 eontra

180 1573 320 1644 Boeotos
350 1582 484 1646 recatus
517 1573 558 1644 ad
590 1593 729 1666 pugnam
758 1594 794 1645 se
825 1572 993 1664 accingit,
1017 1596 1058 1646 eo
1081 1573 1185 1646 Choes
1208 1573 1432 1673 eelehratnrur

179 1703 265 1784 abit.
291 1728 330 1776 ae
356 1705 462 1776 vietor
486 1703 615 1776 libandi
640 1727 659 1774 e
683 1705 768 1776 festo
792 1704 902 1790 redit,
926 1703 1004 1776 duan
1028 1702 1085 1776 ille
1109 1703 1302 1784 vnlneratus
1319 1729 1432 1804 epug·

71 1923 79 1941 ἱ
179 1856 223 1908 na
248 1839 402 1910 relertnr.
524 1917 526 1922 ,

238 1979 241 1987 '
278 1971 397 2042 Virum
423 1969 633 2064 Dieaeopolin
658 1967 903 2064 excogitaritet
917 1967 1026 2045 docuit
1050 1980 1162 2044 noster
1185 1979 1294 2064 posta.
1318 1972 1432 2046 ulmi·

178 2097 216 2172 hi
246 2101 379 2174 videtur
415 2100 497 2172 hane
535 2102 681 2174 maxime
709 2102 752 2174 oh
783 2125 939 2182 eausam.
972 2101 1061 2198 quntl
1096 2124 1156 2176 sua
1193 2114 1298 2175 aetate
1336 2125 1430 2179 nemo

180 2233 327 2328 aequalis
352 2238 383 2304 iu
409 2233 546 2306 civitate
570 2245 664 2315 erat.
689 2233 745 2328 qui
772 2235 994 2328 paci„quam
1025 2245 1139 2306 auctor
1169 2235 1289 2329 populo
1313 2259 1434 2310 eonsu-

180 2365 243 2452 tir,
271 2376 342 2438 tam
368 2365 515 2448 laverat,
542 2365 596 2438 vel
619 2369 676 2461 qui
703 2377 769 2436 tam
793 2389 836 2438 ex
858 2367 1104 2438 animodeeuis
1130 2367 1328 2461 temporibus
1351 2389 1432 2461 que-

180 2507 307 2568 seretur
330 2508 363 2568 et
384 2509 449 2570 mm
473 2465 561 2568 reete
585 2498 678 2568 nubis
693 2499 826 2570 ¹bunum
853 2508 981 2591 tempus
1005 2497 1177 2592 antiquum
1200 2498 1334 2594 ejusque
1358 2521 1433 2580 run„-

179 2651 251 2700 rem
279 2638 313 2700 et
343 2631 501 2700 rationem
532 2631 680 2700 referret.
714 2626 845 2722 Reliqui
876 2651 956 2701 vero
985 2652 1103 2701 omnes
1133 2631 1166 2700 in
1191 2652 1323 2702 scenam
1353 2652 1432 2722 pro·

177 2763 325 2848 deantes,
349 2766 469 2859 atejus
487 2761 686 2844 uxorrsdia.
706 2761 933 2855 Amphitheus.
957 2763 1168 2855 Megarensir,
1192 2766 1341 2844 Boeotus.
1366 2766 1433 2836 La·

180 2893 293 2966 maehi
324 2894 490 2978 famulus,
521 2891 666 2987 agricola
696 2905 729 2964 et
759 2892 998 2988 paranymphi.
1028 2915 1105 2964 eum
1135 2893 1258 2968 nullam
1288 2917 1430 2990 praesp

178 3027 338 3123 insignem
369 3007 511 3100 indolem
542 3029 674 3102 lerant.
707 3047 747 3098 aa
778 3028 905 3098 nonnisi
942 3026 1182 3120 Dicaeopolidis
1211 3026 1264 3100 rel
1292 3027 1431 3102 aetionis
1508 3074 1513 3079 -

176 3183 277 3232 eausa
306 3161 373 3232 sint
404 3159 499 3242 fieti,
531 3183 595 3230 non
626 3141 862 3239 inveniuntur,
887 3179 968 3252 quus
993 3179 1184 3244 moremur,
1211 3181 1288 3228 nam
1314 3183 1429 3254 perse

178 3289 308 3364 allatim
332 3291 570 3395 intelliguntur.
587 3331 628 3346 -
643 3291 771 3378 Quibus
794 3291 903 3364 nausis
926 3289 1084 3365 adductus
1108 3291 1299 3364 rideornun
1319 3315 1429 3366 errare

178 3423 426 3504 contendendo.
450 3423 678 3518 Aristophanis
702 3445 855 3516 personas
879 3444 943 3492 nen
969 3445 1037 3494 esse
1061 3422 1257 3514 singulares,
1281 3423 1336 3492 eed
1360 3423 1430 3494 sin-

176 3553 271 3647 gulos
302 3555 403 3628 totius
433 3558 551 3627 aetatis
579 3554 634 3628 ret
665 3552 835 3629 homiuum
866 3556 994 3647 generis
1025 3563 1338 3646 repraerentatores.
1365 3551 1429 3625 hoe

178 3686 406 3758 tantummodo
430 3685 631 3758 discriminet
657 3687 878 3758 verenomine
897 3687 1093 3780 prodeuntes
1117 3682 1343 3777 Aristophanis
1361 3707 1429 3760 esse

177 3789 332 3911 aequales
355 3817 489 3918 ejusque
514 3819 668 3914 temporie
690 3820 879 3913 specimen.
904 3817 983 3888 fiete
1007 3825 1124 3886 contra
1143 3818 1273 3889 nomine
1296 3829 1431 3912 agentes

176 3947 300 4021 honum
325 3960 451 4044 tempus
475 3951 644 4046 antiquum
668 3953 838 4026 sustinere.
869 3951 930 4020 llis
954 3947 1082 4020 dnohus
1106 3949 1274 4024 huminum
1299 3955 1430 4046 generi·

177 4079 237 4186 hus
261 4081 449 4178 duobusque
475 4107 592 4157 eorum
617 4084 744 4161 studiis.
768 4105 910 4178 quorum
935 4081 1047 4156 alteris
1070 4085 1205 4179 quidam
1232 4084 1325 4168 moti,
1350 4084 1428 4156 dum

175 4211 299 4319 hellam
313 4266 324 4301 ,
349 4215 485 4289 fraudes
507 4187 761 4312 eopeionemque
790 4215 1031 4310 indignantur,
1062 4239 1176 4312 pacem
1201 4224 1314 4286 eontra
1329 4263 1345 4316 ‚¹
1372 4235 1431 4290 rus

175 4343 321 4452 lataque
344 4348 535 4439 eelebrent,
563 4350 623 4427 alii
647 4361 756 4427 autem
779 4329 831 4426 hir
853 4354 964 4462 omnin
987 4348 1155 4431 arenata
1178 4349 1302 4450 agitant
1316 4401 1340 4441 ,‚
1362 4357 1430 4424 teta
