3326 4906
804 573 1022 642 ...6.-

290 797 669 919 δευτεραγωνιστής
683 831 685 836 ’
699 809 732 877 io
765 805 1054 892 lehunnensibus,
1084 799 1438 920 πρωταγωνιστής
1476 809 1542 896 de-

289 942 385 1033 nique
410 941 442 1010 io
466 939 644 1032 Equitihus
674 939 743 1032 ipro
767 939 894 1030 egerit,
919 940 1082 1034 ingeniosa
1105 939 1240 1034 quidem
1266 940 1447 1022 collatam,
1473 939 1539 1010 do-

288 1070 452 1142 cumentis
475 1083 585 1142 autem
612 1077 774 1139 carentem
802 1069 951 1141 invenio]

386 1201 523 1273 lllorum
555 1199 699 1271 virorum
732 1223 792 1294 ope
818 1199 1053 1294 Aristophanes
1078 1203 1177 1273 etiam
1209 1210 1280 1296 post
1305 1197 1440 1294 Equites
1464 1198 1539 1294 plus

287 1331 389 1405 semel
413 1334 447 1402 iu
469 1330 587 1403 lahulis
612 1331 761 1406 docendis
785 1334 955 1415 nosnatura
980 1333 1068 1406 haud
1093 1334 1184 1405 enim
1210 1357 1288 1405 raro
1315 1334 1436 1405 lactum
1463 1353 1536 1404 esso

285 1466 436 1542 ridetur.
467 1477 504 1538 ut
535 1467 729 1538 celebriores
758 1476 896 1559 poetae,
929 1489 997 1561 quo
1022 1467 1174 1562 majorem
1200 1468 1338 1560 gloriam
1370 1465 1538 1559 adipitce·

285 1611 424 1680 rentur,
449 1608 480 1669 et
512 1620 552 1667 ne
582 1597 623 1669 ah
653 1596 812 1669 archonte
842 1597 1097 1691 impedirentur.
1121 1603 1297 1693 quominus
1321 1598 1469 1693 pluribus
1490 1598 1539 1670 si-

143 1817 145 1822 ,
285 1727 355 1800 mul
380 1727 551 1798 comoediis
583 1726 739 1798 certaturi
771 1727 958 1820 prodirent,
985 1730 1060 1802 aliis
1090 1731 1194 1825 pehtis
1219 1729 1428 1802 inferioribus
1458 1747 1538 1800 suas

287 1857 415 1931 lahulas
440 1860 597 1930 docendas
622 1860 872 1931 committerent.
898 1861 1108 1955 Compcrtum
1132 1862 1232 1934 etiam
1257 1883 1274 1930 e
1300 1859 1534 1952 grammatico·

282 2013 356 2064 rum
379 1990 542 2084 excerptis
568 1989 751 2072 hahemus,
775 2014 839 2085 qua
864 1990 936 2086 legs
961 1973 1191 2087 Aristophanes
1215 1996 1298 2065 iuter
1321 1993 1435 2064 ambos
1457 2013 1533 2064 suas

283 2124 468 2195 comoedias
493 2123 703 2206 distribuerit,
729 2120 808 2210 τάς
820 2123 895 2213 μὲν
918 2121 1005 2230 γάρ
1025 2118 1251 2212 πολιτικοῖς
1275 2120 1426 2230 τούτῳ
1452 2121 1531 2225 (τῷ

284 2249 608 2358 Καλλιστράτῳ)
634 2239 755 2350 φασιν
765 2241 900 2328 αὐτὸν
924 2244 1107 2343 διδόναι,
1133 2254 1190 2332 τά
1214 2246 1262 2332 δὲ
1287 2247 1378 2330 κατ’
1402 2243 1531 2363 Εὐρι-

284 2375 426 2462 πίδου
447 2382 512 2460 καὶ
532 2381 790 2492 Σωκράτους
820 2377 1043 2492 Φιλωνίδῃ.
1072 2391 1120 2460 Ne
1141 2390 1259 2462 horum
1286 2389 1461 2462 vorborum
1488 2388 1529 2457 ti-

282 2520 576 2598 domsuhrertant‚
601 2540 685 2611 quae
711 2519 744 2588 in
770 2520 993 2612 Aristophanis
1014 2523 1085 2593 vita
1104 2521 1273 2613 leguntur:
1299 2512 1530 2628 ὑποκριταὶ

281 2639 616 2762 Ἀριστοφάνους
648 2644 967 2755 Καλλίστρατος
996 2653 1065 2727 καὶ
1091 2642 1358 2747 Φιλωνίδης,
1391 2641 1449 2727 δι’
1472 2634 1529 2727 ὧν

284 2774 493 2859 ἕδιδάσιαι
518 2780 575 2857 τά
600 2772 806 2892 δράματα
838 2783 1008 2860 ἑαυτοῦ
1021 2841 1030 2871 ,
1062 2777 1137 2861 διά
1161 2787 1238 2891 μὲν
1276 2775 1524 2864 Φιλωνίδου

281 2919 340 2996 ’τά
361 2910 585 3020 δημοτικά,
611 2906 684 2991 διά
705 2908 751 2991 δὲ
771 2911 1111 3028 Καλλιστράτου
1133 2917 1188 2994 τά
1208 2910 1414 2994 ἰδιωτικά.
1441 2922 1525 2991 Nara

282 3054 346 3125 hoc
373 3052 591 3124 testimouium
618 3051 717 3145 priori
745 3075 951 3146 repugnans,
978 3078 1035 3126 nec
1062 3079 1097 3124 re
1124 3077 1200 3125 vera
1229 3053 1418 3146 probatum,
1444 3053 1527 3123 Moi-

281 3185 417 3264 nelsius,
454 3187 493 3254 Ε.
525 3187 666 3269 struve,
703 3183 833 3255 Clinton
866 3197 898 3254 et
931 3185 1139 3266 Diodorfius‚
1172 3187 1229 3279 qui
1255 3208 1366 3256 omnes
1402 3185 1526 3254 incuria

279 3317 419 3412 quadum
450 3325 506 3385 aut
539 3316 665 3386 inscitia
698 3338 715 3382 a
746 3317 963 3408 grammatico
996 3316 1078 3387 laiso
1111 3317 1268 3388 traditum
1299 3340 1365 3386 esse
1396 3324 1524 3409 putant,

281 3444 528 3538 transponendis
553 3445 738 3518 nominihus
762 3457 892 3518 sanant.
922 3450 1008 3541 Ergo
1033 3451 1065 3518 id
1091 3449 1132 3519 iis
1156 3448 1334 3520 consentire
1364 3437 1429 3518 uon
1454 3469 1525 3518 mo-

280 3600 348 3658 ror;
373 3576 428 3650 sed
449 3575 589 3668 agedum
616 3578 860 3670 perlustramus.
889 3580 982 3675 cujus
1007 3579 1168 3651 industria
1192 3601 1342 3672 quaeque
1361 3579 1399 3648 sit
1414 3551 1524 3650 habola

278 3722 361 3784 acta.
386 3713 497 3796 Quum
524 3713 563 3782 de
590 3713 703 3804 primis
730 3711 843 3783 fabulis
867 3713 956 3782 clare
983 3712 1139 3782 traditum
1164 3714 1206 3783 sit
1230 3735 1247 3781 a
1275 3713 1363 3783 vitae
1387 3711 1526 3804 scripto·

279 3871 329 3920 re:
357 3837 412 3919 τά
438 3844 511 3944 μὲν
535 3845 685 3952 πρώτα
710 3831 784 3917 διά
813 3837 1144 3952 Καλλιστράτου
1172 3843 1237 3918 καὶ
1274 3831 1524 3918 Φιλωνίδου

280 3983 415 4055 καθίει
439 3965 642 4078 δράματα
658 4017 699 4032 -
715 3965 894 4082 ὕστερον
920 3979 958 4074 (i.
984 4001 1014 4050 e.
1041 3979 1071 4048 in
1099 3978 1200 4074 Equ.)
1227 3966 1274 4050 δὲ
1299 3975 1362 4051 καὶ
1387 3963 1523 4063 αὐτὸς

276 4103 537 4225 ἠγωνίσατο,
565 4121 598 4181 st
629 4131 704 4180 cum
736 4110 928 4184 didascaliae
954 4111 1077 4206 liquido
1105 4114 1241 4206 proheut
1274 4108 1468 4204 Babylonios
1492 4118 1523 4178 ot

277 4247 502 4318 Acharnenscs
527 4266 546 4313 a
572 4240 758 4315 Callistrato
789 4255 883 4316 actas
907 4267 999 4322 esse,
1032 4243 1204 4338 sequitur,
1229 4241 1459 4314 Dactalenses‚
1484 4239 1522 4310 de

275 4404 342 4486 qua
369 4377 570 4470 documentis
594 4401 766 4464 caremus¹
794 4379 925 4450 unicam
951 4375 1326 4470 reliquamaPhilouide
1352 4399 1419 4448 esse
1445 4374 1524 4445 dor·
