3326 4906
665 520 911 594 ..81-

162 781 239 835 rara
262 759 305 834 ad
330 758 486 834 Sitalccm
515 757 569 834 Ol.
596 758 693 842 ΒΗ
722 759 840 836 misens
863 779 955 842 csse,
984 760 1043 834 esd
1067 758 1261 836 nominatim
1293 759 1411 834 indicat

161 893 302 968 uallum.
331 895 418 968 llrac
450 894 569 969 dubius
593 916 667 968 eum
699 895 896 979 factumn
920 893 1145 990 Aristophanis
1169 894 1344 988 ambiguae
1367 894 1410 968 a·
1541 949 1543 956 ,

160 1027 213 1100 dei
250 1033 335 1101 esset
364 1023 586 1111 credendum,
622 1024 829 1098 Theorumne
853 1022 1011 1119 tegetum
1039 1025 1249 1123 Thucydides
1277 1024 1412 1100 silentio

161 1137 370 1232 transiisset?
880 1173 883 1178 ·
1420 1246 1428 1257 Ι

256 1289 403 1362 Odcrtur
433 1286 549 1360 deinde
580 1287 696 1360 risoris
734 1285 918 1359 Nicarchoc
942 1283 971 1380 ¹)
1002 1285 1164 1381 quidam.
1200 1283 1409 1382 sycophanta:

159 1423 219 1518 qui
243 1420 383 1496 absurda
409 1420 534 1514 tingens
558 1420 721 1496 Boeotum
752 1441 866 1494 rerum
892 1416 1061 1491 venalium
1084 1439 1185 1492 causa
1210 1418 1245 1490 in
1266 1419 1324 1516 jus
1347 1438 1409 1492 so·

159 1573 235 1625 care
260 1555 429 1632 minatur.
454 1575 475 1622 a
499 1546 729 1644 Dicacopolide
760 1558 872 1620 autem
904 1556 1055 1643 arreptus
1078 1548 1317 1642 sarmentisque
1340 1547 1409 1621 illl-

156 1695 253 1776 gatus
279 1683 421 1754 traditur
445 1683 592 1762 Boeoto.
623 1679 717 1773 quasi
743 1700 838 1750 merx
862 1678 1000 1750 Athenis
1024 1678 1123 1750 nimis
1154 1678 1347 1764 abundans,
1372 1690 1408 1750 et

156 1824 266 1886 crater
292 1813 477 1898 malorum,
504 1812 671 1906 calixque,
696 1813 730 1884 in
754 1832 821 1905 quc
845 1789 974 1902 negotia
1000 1810 1094 1880 mista
1121 1811 1303 1884 turbentur.
1326 1811 1408 1896 Quis

154 1944 210 2018 bic
240 1944 421 2019 Nicarcbus
455 1945 590 2024 luisset,
621 1965 665 2015 cx
695 1941 783 2016 nullo
812 1950 947 2014 auctore
978 1949 1059 2014 teste
1096 1941 1264 2034 comperi,
1299 1941 1410 2036 qualis

154 2084 270 2148 autem
306 2074 436 2170 generis
469 2072 692 2170 sycophantae
730 2073 880 2161 luerint,
918 2083 1124 2170 perspectum
1148 2071 1269 2145 babere
1294 2071 1407 2147 videor

155 2207 307 2302 perlectis
331 2206 562 2280 Demosthenis
584 2207 617 2280 in
643 2206 789 2301 Aristog.
814 2229 850 2302 p.
863 2205 935 2279 786
960 2206 1067 2280 serbis
1092 2204 1156 2278 bis:
1179 2193 1407 2316 πορεύεται

157 2329 232 2414 dcci
256 2339 336 2435 τῆς
359 2329 503 2450 α’γορᾰ
506 2361 535 2428 ς,
560 2327 732 2450 &decep
755 2329 861 2437 ὄφις
883 2319 1139 2448 ἦσκορπίος.
1164 2333 1406 2442 συμφοράν,

154 2455 181 2568 ἢ
204 2466 499 2574 βλασφημίαν.
524 2455 552 2566 ἦ
574 2470 690 2548 κακόν
712 2492 763 2547 τι
787 2467 1164 2582 προστριψάμενος,
1192 2467 1259 2546 καὶ
1283 2487 1405 2545 κατα-

154 2602 308 2702 στήσας
331 2601 386 2694 εἰς
409 2603 570 2706 φόβον,
595 2594 800 2718 a'pyalpcoa
826 2603 1028 2716 πράξεται
1053 2614 1117 2678 etc.
1143 2601 1186 2694 Ἰ.

251 2741 339 2824 Quos
364 2750 494 2832 praeter
519 2740 617 2812 multi
644 2741 775 2812 luerunt
799 2740 914 2810 eodem
937 2749 1088 2832 tempore
1111 2738 1198 2820 siri,
1221 2738 1279 2832 qui
1306 2740 1407 2814 rebus

151 2867 288 2965 publicis
317 2865 513 2950 studebant,
540 2850 668 2961 suoque
698 2868 830 2950 studio,
861 2868 1031 2960 provincia
1062 2879 1097 2939 et
1120 2867 1227 2940 indole
1257 2869 1408 2944 omnibus

151 3020 230 3070 suae
255 2997 373 3070 aetatis
397 2995 523 3069 civibus
548 2999 674 3090 cogniti
698 3006 818 3085 erant,
850 2998 1031 3094 iisdemque
1054 2999 1153 3072 rcbus
1178 2999 1404 3095 Aristophanis

10 3207 12 3224 ‚
151 3129 349 3202 cachinnum
374 3138 565 3205 moventes.
591 3128 724 3223 publico
748 3128 889 3202 ludibrio
913 3132 1170 3225 exponebantur.
1194 3132 1404 3228 Quamquam

152 3285 234 3336 aero
259 3263 293 3334 hi
314 3263 383 3360 joci
415 3262 589 3358 aliquoties
619 3285 660 3334 ne
685 3261 814 3358 singulo
845 3264 947 3336 verbo
975 3262 1108 3360 quidem
1140 3263 1223 3336 clam
1246 3273 1402 3358 aguntur,

152 3406 262 3468 tamur
296 3395 421 3489 gratias
451 3394 610 3467 debemus
633 3397 764 3469 auctori
796 3396 929 3469 nomina
951 3406 986 3469 et
1010 3396 1135 3470 indoles
1159 3397 1308 3472 virorum
1331 3421 1405 3472 ser·

151 3524 265 3608 uenti.
297 3524 357 3618 qui
387 3533 461 3599 tum
491 3528 525 3597 iu
558 3526 724 3621 republica
758 3526 935 3616 florerent,
966 3528 1183 3622 multumque·
1202 3528 1272 3601 sine
1302 3528 1403 3602 dabie

152 3654 312 3730 vaierent.

250 3787 351 3862 Plura
380 3810 483 3885 quam
508 3787 547 3863 de
570 3792 685 3866 ceteris
715 3801 887 3888 comperta
917 3791 1075 3874 habemus
1105 3788 1146 3861 de
1181 3789 1322 3876 Glcoae,
1346 3794 1401 3867 sed

151 3939 227 3993 cum
246 3919 321 4014 jam
347 3919 398 3990 bis
429 3918 512 3991 mibi
536 3921 765 4015 quaestionem
791 3922 831 3995 de
854 3945 889 3996 se
912 3917 1101 3995 instituendi
1124 3941 1237 3996 ansam
1263 3921 1398 4011 dederit,

150 4049 311 4129 hocloco
335 4051 462 4126 nonnisi
485 4075 589 4148 pauca
613 4079 656 4128 cx
678 4057 747 4154 ejus
769 4057 838 4134 rita
863 4054 998 4144 addam,
1021 4063 1059 4130 ut
1083 4064 1309 4152 cognoscatur,
1333 4079 1401 4152 qun

153 4229 188 4314 1)
229 4229 270 4292 V.
296 4229 365 4293 908
380 4261 427 4280 ·-
443 4229 487 4294 59
513 4262 564 4280 —-
589 4221 626 4316 i)
652 4223 881 4312 sycophantae,
906 4244 946 4290 ae
970 4194 1144 4296 deterrenti
1170 4226 1303 4308 pecnnia
1327 4243 1401 4294 cor·
1558 4265 1560 4272 ν

226 4325 471 4408 rumpebantur.
498 4328 552 4392 ed.
577 4323 726 4411 Xenopb.
753 4324 862 4412 Symp.
890 4323 1009 4403 Μῦς
1037 4323 1168 4388 Memor.
1195 4322 1251 4400 11,
1277 4323 1312 4388 9.
