3326 4906
747 1112 804 1184 lrE
828 1113 1036 1188 AUCTORE.

347 1411 455 1485 ¹Nihil
481 1433 596 1486 causae
622 1419 671 1484 est
694 1414 862 1494 dubitare.
888 1415 970 1506 quin
998 1409 1234 1506 Aristophanes
1257 1409 1517 1482 Anbarnemium

270 1541 405 1614 tabulae
434 1545 476 1614 sit
506 1557 645 1622 auctor,
677 1557 775 1638 atque
805 1547 1009 1617 Callistratus
1037 1567 1111 1614 enm
1142 1542 1309 1623 docuerit,
1336 1565 1411 1613 nam
1437 1542 1518 1612 baso

268 1671 435 1744 evidenter
469 1675 649 1766 probantur
678 1676 967 1767 grammaticorum
1000 1675 1187 1748 testimoniis
1219 1673 1325 1746 adbuc
1363 1674 1515 1745 servatis.

208 1898 213 1908 A
269 1805 446 1898 inspiciens
477 1807 564 1877 enim
596 1807 629 1877 io
658 1808 790 1879 fabulae
819 1820 1048 1900 argumentum
1082 1809 1245 1880 inveneris
1276 1795 1516 1900 «ἐδιδάχθη

270 1931 338 2011 ἐπὶ
356 1924 655 2040 Εὐθυδήμου
673 1931 707 2013 α’
708 1957 892 2039 ρχοντος
909 1938 948 2016 ἕν
959 1937 1153 2034 Ληναίοις
1163 1928 1237 2013 διά
1253 1934 1517 2048 Καλλιστρά-

268 2077 368 2142 του·
393 2069 457 2142 καὶ
481 2070 652 2178 πρῶτος
675 2048 722 2164 ἧν
757 2074 815 2164 (so.
843 2070 1123 2165 Aristophanes)»
1149 2071 1202 2164 ¹),
1229 2073 1280 2142 vel
1305 2073 1335 2142 si
1360 2073 1418 2142 tibi
1446 2072 1516 2142 ior·

268 2213 302 2272 ts
326 2201 367 2271 arl
392 2222 527 2272 manum
553 2204 673 2273 Suidae
699 2213 746 2276 est
771 2202 925 2286 lexicon,
955 2202 1075 2295 legeris
1106 2227 1132 2274 s.
1159 2225 1193 2274 v.
1219 2192 1517 2312 Ἀριστοφάνης

255 2321 410 2438 Ι«οἵπερ
423 2321 470 2404 δὲ
482 2329 757 2436 πεπράχαμεν
770 2321 1108 2443 Ἀριστοφάνους
1121 2322 1337 2435 δράματα,
1362 2333 1516 2407 ταυτα·

266 2454 503 2574 Ἀχαρνεῑς,
528 2465 756 2576 Βάτραχοι
779 2480 838 2538 etc.
856 2495 882 2533 a.
910 2470 1043 2561 Insuper
1068 2471 1115 2561 pii
1139 2466 1191 2539 illi
1216 2469 1420 2561 grammatici
1444 2489 1517 2540 om-

269 2617 345 2666 nem
372 2596 463 2666 nobis
488 2595 723 2669 dubitationem
749 2595 939 2669 ademerunt
965 2598 1005 2666 de
1029 2620 1150 2678 causa,
1183 2621 1248 2691 qua
1272 2609 1386 2670 auctor
1411 2607 1517 2670 motus

269 2725 396 2801 tabulas
416 2751 492 2801 suas
511 2717 586 2802 διά
600 2723 936 2828 Καλλιστράτου
955 2741 987 2800 et
1006 2718 1082 2802 διά
1099 2719 1347 2805 Φιλωνίδου
1361 2720 1518 2827 διδαχ·

268 2857 394 2950 θῆναι
414 2859 569 2954 jusserit.
604 2846 810 2954 «εὐλαβής
835 2849 883 2935 δὲ
910 2849 1078 2968 σφόδρα
1109 2861 1324 2972 γενόμενος
1349 2859 1421 2956 τήν
1444 2852 1515 2973 άρ·
1625 2953 1626 2986 1

267 2987 346 3084 χήν
377 2981 517 3080 άλλως
548 3016 594 3066 τε
626 2993 693 3067 καὶ
723 2984 887 3092 emmone
917 2993 975 3071 τά
1006 2997 1084 3094 μὲν
1116 2995 1270 3106 πρώτα
1302 2986 1378 3071 διά
1408 2991 1517 3072 Καλ-

267 3114 512 3232 λιστράτου
538 3123 604 3199 καὶ
621 3116 874 3201 Φιλωνίδου
888 3124 1023 3201 καθίει
1047 3117 1279 3235 δράματα»
1305 3125 1350 3220 ²).
1376 3129 1409 3198 id
1428 3128 1515 3221 quod
1625 3109 1626 3112 ¹

267 3276 380 3324 ansam
407 3257 571 3346 praebuit,
596 3270 633 3329 ut
657 3281 732 3328 eum
758 3259 896 3328 riderent
922 3261 1150 3354 Aristouymus
1175 3271 1209 3332 et
1235 3260 1399 3355 Amipsias
1423 3281 1517 3334 τετ·
1625 3301 1626 3306 1

268 3375 372 3496 ράδι
394 3384 590 3496 λέγοντες
614 3395 847 3499 γεγονέναι,
873 3387 975 3464 narei
1003 3389 1075 3484 τήν
1101 3391 1343 3500 παροιμίαν.
1368 3385 1518 3480 α’λλοις

269 3519 513 3596 πονοῦντα.
551 3521 685 3614 ipseque
723 3545 854 3615 prorsus
892 3525 1012 3596 latetur
1050 3528 1082 3594 in
1120 3528 1265 3597 Nubium
1303 3527 1453 3621 parabaei
1485 3551 1516 3597 r.

272 3652 457 3725 tat-31
487 3677 520 3726 se
547 3656 737 3745 virginem,
769 3679 868 3749 quam
902 3658 1045 3729 noudum
1071 3659 1199 3729 licuerit
1226 3682 1365 3753 perere.
1392 3661 1515 3732 loetum

269 3763 481 3877 exposuisse.
507 3809 603 3878 qoem
630 3788 670 3856 ab
695 3785 760 3856 alia
787 3789 929 3880 quadam
958 3789 1070 3884 pirella
1096 3791 1276 3875 sublatum,
1301 3792 1517 3866 Athenienses

268 3915 446 3986 liberaliter
473 3917 640 3988 eduoariut
664 3930 697 3989 et
722 3918 937 3992 instituerint.

266 4091 659 4106 m

272 4192 307 4284 t)
347 4197 428 4259 Vide
455 4206 612 4279 praeterea
641 4197 764 4260 Scholia
792 4200 824 4260 in
850 4198 929 4266 Aob.
956 4222 987 4266 v.
1016 4199 1084 4265 o5t
1112 4201 1239 4266 inferius
1264 4201 1369 4266 eitsta.

268 4326 305 4420 2)
347 4330 458 4394 lnoerti
485 4331 621 4396 auctoris
646 4312 807 4436 Ἀριστ.
833 4323 941 4416 βίος.
