3326 4906
732 569 788 596 2--
831 531 878 606 lu
927 570 984 592 κ·-

228 777 389 853 subhricse
418 781 545 848 constat
575 797 593 844 e
619 771 785 844 Plutarchi
811 771 838 864 ¹)
864 773 976 847 corbis
1007 762 1181 863 c‘Yrrriu‘
1198 768 1271 872 μὲν
1297 749 1375 846 οὖν
1399 795 1477 860 τις,

228 901 284 997 cic
306 905 456 988 ἔοικεν.
484 891 609 1009 αὐτῷ
638 900 706 979 uei
734 889 827 978 tulta
856 901 965 1007 πρὸς
987 898 1094 988 :roric
1119 904 1315 1008 Μεγαρεῖς
1342 890 1479 998 ἀπέχ-

227 1042 333 1114 θεια·
362 1034 492 1130 κοινήν
521 1023 569 1110 <lc
600 1031 665 1108 cot
693 1031 864 1142 φανεράν
899 1033 1176 1131 ποιησάμενος
1212 1026 1350 1108 αἰτίαν
1390 1020 1478 1110 κατ’

229 1158 373 1246 αὐτῶν
408 1155 727 1268 ἀποτέμνεσθαι
757 1165 829 1258 rehu
862 1162 968 1272 inpetu
1004 1152 1199 1273 ὀργάδα.
1230 1163 1381 1276 γράφει
1404 1165 1479 1261 ψή-

228 1314 411 1404 φισμα».
434 1304 642 1394 Quamquam
665 1312 698 1371 ct
717 1300 839 1372 llclcnn
866 1298 939 1370 belli
964 1298 1109 1394 Trojani,
1134 1309 1310 1394 raptaeque
1335 1299 1479 1392 virgines

225 1437 327 1531 primi
351 1435 490 1508 Romani
513 1456 632 1506 causae
657 1443 769 1508 erent.
797 1455 855 1504 nec
881 1454 958 1506 raro
983 1442 1095 1507 nostra
1121 1432 1221 1502 otiam
1247 1443 1355 1504 aetate
1381 1432 1480 1504 lenui-

229 1593 290 1642 nno
314 1589 407 1640 arma
431 1568 636 1644 movebant..
651 1586 839 1658 pugnasque
865 1564 1024 1636 infaustas
1048 1565 1255 1640 excitabant.
1281 1576 1391 1636 tamen
1417 1565 1479 1636 tale

228 1699 309 1793 quiri
335 1695 495 1775 hocloco
530 1705 639 1768 natum
675 1693 829 1765 arbitrari
868 1693 1000 1765 irritum
1040 1693 1124 1765 milri
1162 1694 1289 1765 vilccur
1313 1691 1354 1790 ⁹).
1388 1697 1487 1768 Nem

227 1827 326 1924 longe
347 1825 541 1899 occultiores
564 1824 594 1918 ³)
623 1835 659 1901 et
689 1823 857 1915 grauiores
891 1845 1010 1898 causae
1041 1837 1137 1897 erent
1167 1825 1235 1920 ojus
1265 1824 1363 1901 belli.
1387 1826 1478 1920 qnorl

224 1961 389 2036 acerrime
413 1980 471 2053 pur
495 1955 612 2050 viginti
643 1966 769 2050 septem
792 1977 892 2030 nonos
918 1967 1046 2049 gestum
1070 1968 1176 2031 totam
1201 1957 1398 2044 Graeciam,
1424 1959 1478 2032 in·

227 2093 313 2168 onias
335 2091 523 2185 alienasque
555 2092 702 2162 notiones
731 2089 938 2160 concutiebat
961 2111 999 2162 ac
1024 2092 1153 2164 nonnisi
1178 2089 1380 2166 Athenarum
1403 2092 1480 2164 obi·

228 2235 265 2300 tu
286 2223 505 2317 compositum
529 2230 602 2302 estc
626 2242 689 2294 non
715 2232 781 2292 tres
805 2222 893 2294 enim
918 2221 1145 2297 meretriculae
1156 2220 1238 2297 illul
1251 2223 1372 2298 bcllum
1384 2245 1478 2296 com·

223 2355 408 2433 miserant.
439 2351 493 2424 sed
525 2350 566 2422 de
589 2351 774 2446 principatu
806 2351 870 2426 tuin
894 2351 958 2425 hoc
988 2362 1158 2426 certamen
1189 2357 1382 2428 maximnm.
1409 2357 1479 2428 lin·

227 2487 332 2560 hones
356 2507 458 2563 nero.
490 2504 577 2576 quae
608 2483 789 2564 Nostrum,
813 2497 852 2556 ut
877 2483 1153 2558 narratiunculam
1184 2485 1345 2580 lingeret.
1371 2487 1488 2560 dccxc·

227 2629 318 2708 runt.
341 2617 424 2702 mihi
448 2617 598 2689 videnlur
622 2613 784 2710 simplices
799 2614 877 2687 bac:
903 2640 982 2703 nna,
1006 2619 1357 2710 quodsibiuidcbntur
1377 2627 1487 2711 poetar

227 2752 376 2828 boentius
405 2769 503 2842 agere
527 2769 643 2841 poseo.
673 2746 801 2831 altcra,
833 2749 921 2842 quod
947 2749 978 2818 in
1003 2749 1089 2822 uotis
1120 2749 1261 2821 babebat
1289 2749 1478 2821 comoediae

226 2901 286 2981 ope
311 2880 429 2956 bollum
454 2879 760 2967 ridendoocliosum
785 2879 876 2952 redcli
896 2901 1076 2976 pacemque
1100 2881 1236 2956 laudari.
1263 2885 1483 2958 Haeceime·

227 3039 303 3108 cum
328 3013 545 3095 existimetis.
570 3034 763 3085 censeamus
789 3013 995 3108 longioribus
1020 3015 1250 3108 Aristophanis
1275 3016 1479 3088 narrationi·

226 3149 289 3222 bus
313 3149 414 3218 inesse
444 3146 514 3221 ucri
546 3145 690 3240 aliquid.
722 3145 778 3218 sed
804 3146 889 3218 idem
913 3147 1057 3219 auctoris
1080 3149 1210 3238 ingenio
1238 3158 1477 3226 exornetume

226 3275 358 3349 consilio
377 3297 444 3349 esec
463 3276 601 3347 ridiculo
625 3275 778 3360 rolatum,
805 3298 862 3345 nec
886 3276 1029 3365 cuidam,
1048 3278 1186 3352 arbitrio
1211 3290 1301 3351 rccto
1323 3279 1476 3373 gaudenti

226 3407 360 3482 difficile
383 3409 471 3488 crit,
497 3407 544 3476 ibi
570 3407 646 3476 ficta
673 3430 692 3476 n
717 3411 816 3500 gestis
838 3407 1034 3484 discerncre.

324 3537 449 3612 Multae
477 3546 555 3608 sunt
585 3547 754 3629 praetcrea
787 3559 860 3618 res,
892 3559 975 3632 quas
1007 3549 1100 3636 polita
1127 3565 1191 3613 non
1216 3533 1495 3622 riboariorum·

226 3673 283 3746 cccl
306 3672 415 3746 subito
438 3670 595 3742 orationis
618 3690 716 3741 cursu
743 3682 999 3757 commemorat,
1026 3695 1175 3768 quaeque
1199 3697 1259 3747 suo
1284 3673 1358 3745 loco
1380 3669 1478 3762 adbi-¹

227 3805 314 3876 bitae
338 3828 403 3900 non
429 3827 568 3898 parvum
587 3803 753 3886 historiae,
778 3805 999 3902 geographiae
1017 3818 1050 3877 ot
1069 3805 1321 3900 antiquitatibus
1344 3802 1478 3901 supple·

227 3943 373 4034 mentum
396 3934 549 4006 afferunt.

216 4108 629 4136 m

227 4215 264 4312 t)
301 4220 439 4287 Pericles
464 4219 591 4296 XXX,
617 4219 650 4286 2.
677 4253 727 4272 -
752 4215 789 4310 2)
817 4220 960 4307 Thucyd.
986 4221 1068 4287 ilict.
1096 4221 1135 4296 Ι,
1162 4219 1236 4295 23,
1262 4215 1334 4295 cb,
1363 4217 1420 4282 66.

227 4347 265 4444 8)
301 4351 485 4462 Plutarchus
511 4346 566 4446 (dc
590 4351 707 4426 llecocl.
733 4353 805 4419 rosi.
833 4347 895 4446 Vl)
919 4349 1003 4423 iclcm
1026 4373 1145 4422 mecum
1170 4352 1354 4422 arbitretur.
1416 4409 1420 4418 .
1455 4377 1483 4412 =.
