3326 4906
666 511 911 584 -2'1-

11 772 15 816 i
162 749 374 844 tragteueque
399 755 497 844 potta
521 749 705 824 carminum
728 757 845 823 anoton
869 749 1087 848 Hieronymus
1111 747 1139 844 ¹)
1163 748 1328 836 hirsutus,
1352 753 1411 846 qui

11 919 12 930 ν
160 881 243 952 maie
266 891 462 974 argumenta
486 880 662 956 effectuum
687 881 782 978 piena
806 883 1020 978 disponeret,
1050 883 1314 979 terribilibusque
1337 907 1412 978 per·

154 1011 242 1086 tonis
264 1022 422 1087 uteretur.
447 1014 627 1110 Monychus
645 1036 725 1088 nero
743 1013 894 1110 tragicus
916 1036 1048 1110 qnoque
1073 1023 1170 1110 potita
1194 1015 1236 1087 ad
1261 1023 1409 1087 nostram

153 1141 316 1218 deseendit
349 1147 544 1220 memoriam
575 1145 666 1219 fama
697 1146 895 1242 insignitus.
927 1149 986 1242 qui
1011 1140 1120 1218 helluo
1144 1145 1249 1218 vitam
1281 1143 1409 1218 niteret

152 1273 283 1346 mollem
307 1286 340 1347 et
364 1273 593 1362 luxuriosam,
625 1285 772 1349 ceterum
795 1277 925 1372 legatus
954 1275 1203 1351 Atheniensium
1226 1276 1268 1347 ad
1295 1295 1408 1368 regern

150 1408 323 1480 Persarum
336 1407 475 1481 antehae
499 1408 611 1480 iuerat
635 1401 677 1505 ²).
694 1446 736 1465 -
750 1409 817 1483 lios
840 1430 955 1481 omnes
985 1405 1182 1514 praeeminet
1206 1403 1359 1478 Cratinus
1376 1401 1408 1500 ⁸)

148 1541 309 1623 rumiens.
334 1563 434 1634 quem
458 1540 700 1636 Aristophanen
724 1541 822 1620 ridet.
841 1541 990 1614 utnimie
1015 1539 1207 1635 expeditum
1232 1548 1304 1611 arte
1328 1560 1408 1612 mu·

148 1670 238 1756 sica,
270 1682 303 1744 et
335 1673 427 1766 quasi
459 1671 589 1746 hircum
619 1672 684 1746 suh
712 1671 774 1745 alis
804 1659 973 1759 olentem,
1008 1694 1171 1769 quemque
1186 1671 1336 1744 exornat
1361 1671 1407 1744 ita

147 1792 199 1875 «ὁ
222 1799 495 1912 περιπόνηρος
521 1791 756 1902 Ἀρτέμων»
779 1825 840 1898 pro
869 1793 930 1874 «ὁ
952 1797 1237 1912 περιφόρητος
1259 1781 1406 1911 Ἀρπό-

147 1955 268 2034 μωνι
292 1936 380 2030 quod
404 1944 477 2006 erat
499 1935 715 2030 proverbium
732 1934 776 2006 ah
794 1935 1001 2008 Anacreonte
1024 1934 1209 2006 adhibitum
1233 1933 1273 2003 de
1298 1955 1404 2026 puero

145 2065 289 2161 quodam
321 2065 547 2161 pulcherrimo
573 2061 615 2161 ⁴).
632 2068 780 2140 -inter
811 2060 869 2139 hos
900 2065 1020 2139 multoe
1049 2064 1156 2138 solum
1186 2062 1402 2153 Dexithenm‚

144 2196 204 2291 qui
228 2219 360 2270 carmen
389 2198 564 2270 Roeotium
595 2198 774 2280 reoinerit.
808 2197 949 2293 quatiam
978 2195 1077 2269 laude
1106 2197 1288 2290 dignatur.
1311 2203 1403 2268 oete·

144 2351 219 2404 rum
243 2329 337 2402 uobis
360 2351 462 2424 paene
491 2329 667 2422 ignotum.
699 2329 761 2404 nisi
785 2331 924 2404 eundem
954 2328 1178 2404 citharoedum
1208 2325 1402 2403 tohoiiattae

143 2461 336 2534 auctoritato
361 2460 462 2534 inisse
485 2457 751 2555 Πυθιονίκην
776 2456 814 2558 ⁶).

239 2588 335 2678 Quod
364 2592 393 2666 si
424 2570 489 2665 soli
519 2587 732 2688 Aristophani
762 2590 805 2665 sit
834 2587 916 2665 hies
948 2583 1123 2677 habenda,
1148 2586 1298 2663 rhetoter
1327 2586 1399 2684 ejur

142 2725 300 2816 temporis
323 2732 418 2795 erant
442 2724 597 2818 persimi3
621 2745 700 2797 uam
725 2745 835 2797 nonne
852 2721 914 2797 hoo
926 2721 1078 2820 iniquum
1103 2729 1153 2795 est
1176 2712 1397 2818 hiarpsiam')

137 2897 565 2920 m

142 2992 180 3089 1)
219 2997 261 3066 V.
289 2996 538 3062 oso-nunes
562 3017 592 3063 ν.
618 2998 707 3062 ato:
732 2997 943 3084 Hieronymus
967 2992 1186 3080 Xenophontio
1203 2992 1315 3071 iilius.
1340 2991 1396 3058 rii·

213 3109 449 3198 thyrambornm
476 3115 568 3194 poiita
593 3118 626 3176 et
650 3110 847 3193 paedernstn.
872 3142 923 3160 -
948 3105 985 3199 2)
1012 3106 1118 3176 Schoi.
1141 3128 1175 3175 r.
1202 3109 1244 3173 ot
1272 3115 1305 3173 et
1324 3103 1395 3172 887

212 3229 245 3294 et
269 3225 360 3290 Plato
390 3226 526 3290 comious
555 3225 589 3290 in
620 3213 847 3330 Περιαλγεῖ.
873 3256 917 3275 ·-
947 3221 984 3313 3)
1011 3244 1041 3290 r.
1067 3215 1258 3288 849-όὲ
1283 3221 1394 3288 Grati·

212 3358 272 3404 nne
301 3340 468 3422 nonaginta
499 3343 616 3423 septem
647 3357 745 3403 annos
776 3346 868 3403 natos
894 3336 944 3402 ΟΙ.
978 3336 1072 3415 89,2
1098 3355 1116 3401 e
1139 3336 1205 3404 vite
1239 3334 1394 3414 discensio

210 3453 332 3520 oeleber
362 3455 410 3518 rui
442 3455 591 3537 temporie
616 3461 685 3520 eret
709 3452 871 3529 comicus,
897 3452 952 3534 qui
977 3459 1041 3517 tres
1065 3452 1197 3516 referret
1222 3451 1393 3518 uictorias:

209 3558 379 3666 Πυτίνῃ
403 3565 454 3632 Ol.
469 3566 564 3644 89,2
591 3566 721 3646 primam
736 3565 776 3628 de
787 3563 1006 3647 Aristophanis
1030 3562 1175 3626 Nubibus
1199 3561 1226 3635 1,
1251 3553 1393 3629 Σαπύ·

209 3697 301 3786 ροις
323 3681 481 3759 01.89‚1
510 3686 542 3746 et
572 3675 902 3776 Χειμιῐῖομένοις
928 3676 978 3744 01.
993 3673 1091 3750 eet
1114 3673 1277 3740 secundas.
1303 3672 1391 3740 idern

206 3805 303 3876 erat,
334 3798 388 3880 qui
420 3795 581 3879 praecepit
611 3793 738 3860 «Nulla
767 3793 893 3879 placere
923 3792 1005 3867 din.
1030 3807 1088 3852 neo
1117 3787 1227 3852 virere
1250 3787 1389 3852 earmina

209 3918 352 3994 possunt.
376 3909 465 3986 Quae
488 3910 668 3976 eerihnntur
693 3925 794 3992 aquae
819 3905 1014 3992 potoribus»
1039 3899 1119 3968 Hor.
1146 3899 1208 3986 Ep.
1221 3899 1249 3977 1,
1277 3901 1388 3978 tae.

136 4072 174 4170 t)
211 4075 390 4143 Athenaeus
421 4095 454 4160 p.
482 4073 563 4141 533.
592 4083 634 4124 -’-
664 4069 701 4162 ό)
733 4093 765 4140 ν.
791 4065 849 4136 th.
872 4101 923 4122 -
948 4063 986 4161 o)
1019 4063 1191 4151 binrpriunn
1221 4062 1388 4130 scholiasta

206 4183 439 4408 pppppaniett
467 4175 693 4284 φιλόνεικον
724 4173 790 4260 καὶ
813 4173 1000 4293 φλύαρον
1031 4175 1099 4257 nsi
1124 4157 1386 4282 θορνβόόην
