<?xml version="1.0" encoding="UTF-8"?>
<!DOCTYPE html PUBLIC "-//W3C//DTD XHTML 1.0 Transitional//EN"
    "http://www.w3.org/TR/xhtml1/DTD/xhtml1-transitional.dtd">
<html xmlns="http://www.w3.org/1999/xhtml" xml:lang="en" lang="en">
 <head>
  <title>
</title>
<meta http-equiv="Content-Type" content="text/html;charset=utf-8" />
  <meta name='ocr-system' content='tesseract 3.04.00' />
  <meta name='ocr-capabilities' content='ocr_page ocr_carea ocr_par ocr_line ocrx_word'/>
</head>
<body>
  <div class='ocr_page' id='page_1' title='image "./dearistophanisa00schagoog_0047.png"; bbox 0 0 3326 4906; ppageno 0'>
   <div class='ocr_carea' id='block_1_1' title="bbox 247 777 1507 1144">
    <p class='ocr_par' dir='ltr' id='par_1_1' title="bbox 247 777 1507 1144">
     <span class='ocr_line' id='line_1_1' title="bbox 248 777 1507 884; baseline 0 -24"><span class='ocrx_word' id='word_1_1' title='bbox 248 777 398 884; x_wconf 83' lang='lat' dir='ltr'><strong>pilosas,</strong></span> <span class='ocrx_word' id='word_1_2' title='bbox 424 805 489 856; x_wconf 92' lang='lat' dir='ltr'><strong>non</strong></span> <span class='ocrx_word' id='word_1_3' title='bbox 513 781 602 879; x_wconf 87' lang='lat' dir='ltr'><strong>qnod</strong></span> <span class='ocrx_word' id='word_1_4' title='bbox 627 783 702 856; x_wconf 91' lang='lat' dir='ltr'><strong>odie</strong></span> <span class='ocrx_word' id='word_1_5' title='bbox 725 791 760 856; x_wconf 91' lang='lat' dir='ltr'><strong>et</strong></span> <span class='ocrx_word' id='word_1_6' title='bbox 785 787 833 856; x_wconf 84' lang='lat' dir='ltr'><strong>ira</strong></span> <span class='ocrx_word' id='word_1_7' title='bbox 858 788 892 856; x_wconf 85' lang='lat' dir='ltr'><strong>in</strong></span> <span class='ocrx_word' id='word_1_8' title='bbox 917 805 976 858; x_wconf 88' lang='lat' dir='ltr'><strong>eos</strong></span> <span class='ocrx_word' id='word_1_9' title='bbox 999 783 1153 880; x_wconf 79' lang='lat' dir='ltr'><strong>flagraret</strong></span> <span class='ocrx_word' id='word_1_10' title='bbox 1177 784 1232 880; x_wconf 84' lang='lat'><strong>¹).</strong></span> <span class='ocrx_word' id='word_1_11' title='bbox 1265 783 1344 860; x_wconf 83' lang='lat' dir='ltr'><strong>rere</strong></span> <span class='ocrx_word' id='word_1_12' title='bbox 1369 785 1507 860; x_wconf 76' lang='lat' dir='ltr'><strong>nomine</strong></span> 
     </span>
     <span class='ocr_line' id='line_1_2' title="bbox 247 915 1501 1014; baseline -0.002 -23"><span class='ocrx_word' id='word_1_13' title='bbox 247 919 283 993; x_wconf 89' lang='lat' dir='ltr'><strong>ia</strong></span> <span class='ocrx_word' id='word_1_14' title='bbox 312 915 427 1014; x_wconf 88' lang='lat' dir='ltr'><strong>populi</strong></span> <span class='ocrx_word' id='word_1_15' title='bbox 460 925 672 1010; x_wconf 88' lang='lat' dir='ltr'><strong>conspectum</strong></span> <span class='ocrx_word' id='word_1_16' title='bbox 712 917 934 1010; x_wconf 81' lang='lat' dir='ltr'>producebat,</span> <span class='ocrx_word' id='word_1_17' title='bbox 965 915 1020 988; x_wconf 86' lang='lat' dir='ltr'><strong>sed</strong></span> <span class='ocrx_word' id='word_1_18' title='bbox 1052 917 1139 1010; x_wconf 92' lang='lat' dir='ltr'><strong>quod</strong></span> <span class='ocrx_word' id='word_1_19' title='bbox 1168 937 1285 1010; x_wconf 87' lang='lat' dir='ltr'><strong>reapse</strong></span> <span class='ocrx_word' id='word_1_20' title='bbox 1313 927 1410 988; x_wconf 87' lang='lat' dir='ltr'><strong>erant</strong></span> <span class='ocrx_word' id='word_1_21' title='bbox 1433 917 1501 988; x_wconf 82' lang='lat' dir='ltr'><strong>viri</strong></span> 
     </span>
     <span class='ocr_line' id='line_1_3' title="bbox 247 1049 1501 1144; baseline -0.003 -20"><span class='ocrx_word' id='word_1_22' title='bbox 247 1054 398 1124; x_wconf 86' lang='lat' dir='ltr'><strong>moribus</strong></span> <span class='ocrx_word' id='word_1_23' title='bbox 421 1051 615 1144; x_wconf 84' lang='lat' dir='ltr'><strong>depravati,</strong></span> <span class='ocrx_word' id='word_1_24' title='bbox 640 1049 692 1121; x_wconf 85' lang='lat' dir='ltr'><strong>vel</strong></span> <span class='ocrx_word' id='word_1_25' title='bbox 716 1051 794 1120; x_wconf 86' lang='lat' dir='ltr'><strong>suas</strong></span> <span class='ocrx_word' id='word_1_26' title='bbox 818 1051 937 1122; x_wconf 86' lang='lat' dir='ltr'><strong>aetatis</strong></span> <span class='ocrx_word' id='word_1_27' title='bbox 961 1049 1067 1123; x_wconf 85' lang='lat' dir='ltr'><strong>studia</strong></span> <span class='ocrx_word' id='word_1_28' title='bbox 1094 1049 1202 1142; x_wconf 90' lang='lat' dir='ltr'><strong>palam</strong></span> <span class='ocrx_word' id='word_1_29' title='bbox 1227 1071 1304 1144; x_wconf 91' lang='lat' dir='ltr'><strong>prae</strong></span> <span class='ocrx_word' id='word_1_30' title='bbox 1329 1073 1364 1122; x_wconf 89' lang='lat' dir='ltr'><strong>ss</strong></span> <span class='ocrx_word' id='word_1_31' title='bbox 1391 1051 1501 1122; x_wconf 87' lang='lat' dir='ltr'><strong>ieron·</strong></span> 
     </span>
    </p>
   </div>
   <div class='ocr_carea' id='block_1_2' title="bbox 203 1183 1536 1278">
    <p class='ocr_par' dir='ltr' id='par_1_2' title="bbox 203 1143 1662 1278">
     <span class='ocr_line' id='line_1_4' title="bbox 203 1183 1536 1278; baseline -0.061 53"><span class='ocrx_word' id='word_1_32' title='bbox 203 1183 204 1188; x_wconf 70' lang='lat'><em>&#39;</em></span> <span class='ocrx_word' id='word_1_33' title='bbox 247 1184 645 1277; x_wconf 36' lang='lat' dir='ltr'><strong>¹0⁸‚1e0squeridebass</strong></span> <span class='ocrx_word' id='word_1_34' title='bbox 677 1183 887 1276; x_wconf 61' lang='lat' dir='ltr'><strong>m⁰¹d³⁰iq¹¹⁹</strong></span> <span class='ocrx_word' id='word_1_35' title='bbox 919 1183 1173 1278; x_wconf 66' lang='lat' dir='ltr'><strong>utrflequebarnr</strong></span> <span class='ocrx_word' id='word_1_36' title='bbox 1203 1185 1301 1269; x_wconf 91' lang='lat' dir='ltr'><strong>edio,</strong></span> <span class='ocrx_word' id='word_1_37' title='bbox 1326 1185 1426 1255; x_wconf 91' lang='lat' dir='ltr'><strong>etiam</strong></span> <span class='ocrx_word' id='word_1_38' title='bbox 1454 1185 1502 1254; x_wconf 87' lang='lat' dir='ltr'><strong>ri-&#39;</strong></span> <span class='ocrx_word' id='word_1_39' title='bbox 1535 1269 1536 1274; x_wconf 5' lang='grc' dir='ltr'>ἵ</span> 
     </span>
    </p>
   </div>
   <div class='ocr_carea' id='block_1_3' title="bbox 247 1317 1657 1419">
    <p class='ocr_par' dir='ltr' id='par_1_3' title="bbox 247 1317 1657 1419">
     <span class='ocr_line' id='line_1_5' title="bbox 247 1317 1657 1419; baseline -0.006 -27"><span class='ocrx_word' id='word_1_40' title='bbox 247 1317 356 1392; x_wconf 88' lang='lat' dir='ltr'><strong>dicnla</strong></span> <span class='ocrx_word' id='word_1_41' title='bbox 380 1341 495 1389; x_wconf 90' lang='lat' dir='ltr'><strong>eornm</strong></span> <span class='ocrx_word' id='word_1_42' title='bbox 520 1317 626 1404; x_wconf 81' lang='lat' dir='ltr'><strong>vitia,</strong></span> <span class='ocrx_word' id='word_1_43' title='bbox 653 1326 691 1388; x_wconf 91' lang='lat' dir='ltr'><strong>ut</strong></span> <span class='ocrx_word' id='word_1_44' title='bbox 716 1319 809 1412; x_wconf 87' lang='lat' dir='ltr'><strong>quasi</strong></span> <span class='ocrx_word' id='word_1_45' title='bbox 835 1318 994 1390; x_wconf 89' lang='lat' dir='ltr'><strong>malorum</strong></span> <span class='ocrx_word' id='word_1_46' title='bbox 1020 1327 1165 1390; x_wconf 86' lang='lat' dir='ltr'><strong>crateres</strong></span> <span class='ocrx_word' id='word_1_47' title='bbox 1189 1319 1250 1389; x_wconf 88' lang='lat' dir='ltr'><strong>soli</strong></span> <span class='ocrx_word' id='word_1_48' title='bbox 1277 1320 1374 1391; x_wconf 90' lang='lat' dir='ltr'><strong>totius</strong></span> <span class='ocrx_word' id='word_1_49' title='bbox 1397 1339 1501 1419; x_wconf 80' lang='lat' dir='ltr'><strong>gens·</strong></span> <span class='ocrx_word' id='word_1_50' title='bbox 1655 1324 1657 1333; x_wconf 89' lang='lat'>&#39;</span> 
     </span>
    </p>
   </div>
   <div class='ocr_carea' id='block_1_4' title="bbox 246 1447 1502 1544">
    <p class='ocr_par' dir='ltr' id='par_1_4' title="bbox 246 1447 1502 1544">
     <span class='ocr_line' id='line_1_6' title="bbox 246 1447 1502 1544; baseline 0 -20"><span class='ocrx_word' id='word_1_51' title='bbox 246 1450 292 1524; x_wconf 85' lang='lat' dir='ltr'><strong>sis</strong></span> <span class='ocrx_word' id='word_1_52' title='bbox 316 1451 399 1524; x_wconf 82' lang='lat' dir='ltr'><strong>vitia</strong></span> <span class='ocrx_word' id='word_1_53' title='bbox 429 1473 489 1523; x_wconf 89' lang='lat' dir='ltr'><strong>sua</strong></span> <span class='ocrx_word' id='word_1_54' title='bbox 522 1449 661 1544; x_wconf 86' lang='lat' dir='ltr'><strong>persona</strong></span> <span class='ocrx_word' id='word_1_55' title='bbox 692 1462 1000 1542; x_wconf 82' lang='lat' dir='ltr'><strong>repraesentarent,</strong></span> <span class='ocrx_word' id='word_1_56' title='bbox 1029 1471 1148 1544; x_wconf 86' lang='lat' dir='ltr'><strong>augere</strong></span> <span class='ocrx_word' id='word_1_57' title='bbox 1179 1450 1341 1523; x_wconf 75' lang='lat' dir='ltr'><strong>studebat.</strong></span> <span class='ocrx_word' id='word_1_58' title='bbox 1373 1447 1502 1536; x_wconf 81' lang='lat' dir='ltr'><strong>Quibus</strong></span> 
     </span>
    </p>
   </div>
   <div class='ocr_carea' id='block_1_5' title="bbox 124 1581 1500 1696">
    <p class='ocr_par' dir='ltr' id='par_1_5' title="bbox 124 1581 1500 1696">
     <span class='ocr_line' id='line_1_7' title="bbox 124 1581 1500 1696; baseline -0.002 -39"><span class='ocrx_word' id='word_1_59' title='bbox 124 1645 126 1648; x_wconf 94' lang='lat'>.</span> <span class='ocrx_word' id='word_1_60' title='bbox 246 1584 430 1668; x_wconf 70' lang='lat' dir='ltr'><strong>concessis,</strong></span> <span class='ocrx_word' id='word_1_61' title='bbox 454 1593 590 1676; x_wconf 87' lang='lat' dir='ltr'><strong>apparet</strong></span> <span class='ocrx_word' id='word_1_62' title='bbox 615 1581 697 1653; x_wconf 87' lang='lat' dir='ltr'><strong>mibi</strong></span> <span class='ocrx_word' id='word_1_63' title='bbox 722 1581 909 1696; x_wconf 80' lang='lat' dir='ltr'><strong>Lamachus</strong></span> <span class='ocrx_word' id='word_1_64' title='bbox 932 1583 1031 1654; x_wconf 87' lang='lat' dir='ltr'><strong>sicuti</strong></span> <span class='ocrx_word' id='word_1_65' title='bbox 1061 1584 1176 1676; x_wconf 82' lang='lat' dir='ltr'><strong>vigens</strong></span> <span class='ocrx_word' id='word_1_66' title='bbox 1209 1585 1400 1677; x_wconf 85' lang='lat' dir='ltr'><strong>praecipitis</strong></span> <span class='ocrx_word' id='word_1_67' title='bbox 1422 1583 1500 1654; x_wconf 90' lang='lat' dir='ltr'><strong>belli</strong></span> 
     </span>
    </p>
   </div>
   <div class='ocr_carea' id='block_1_6' title="bbox 240 1711 1500 3919">
    <p class='ocr_par' dir='ltr' id='par_1_6' title="bbox 240 1711 1500 3919">
     <span class='ocr_line' id='line_1_8' title="bbox 246 1711 1500 1807; baseline -0.001 -21"><span class='ocrx_word' id='word_1_68' title='bbox 246 1715 412 1789; x_wconf 84' lang='lat' dir='ltr'><strong>studium.</strong></span> <span class='ocrx_word' id='word_1_69' title='bbox 437 1713 611 1805; x_wconf 86' lang='lat' dir='ltr'><strong>Euripides</strong></span> <span class='ocrx_word' id='word_1_70' title='bbox 637 1712 853 1783; x_wconf 75' lang='lat' dir='ltr'><strong>recentiorem</strong></span> <span class='ocrx_word' id='word_1_71' title='bbox 878 1711 1106 1805; x_wconf 86' lang='lat' dir='ltr'><strong>tragoediam,</strong></span> <span class='ocrx_word' id='word_1_72' title='bbox 1135 1723 1207 1784; x_wconf 90' lang='lat' dir='ltr'><strong>tum</strong></span> <span class='ocrx_word' id='word_1_73' title='bbox 1232 1713 1424 1807; x_wconf 72' lang='lat' dir='ltr'><strong>patheticam</strong></span> <span class='ocrx_word' id='word_1_74' title='bbox 1449 1715 1500 1785; x_wconf 86' lang='lat' dir='ltr'><strong>ri·</strong></span> 
     </span>
     <span class='ocr_line' id='line_1_9' title="bbox 246 1843 1500 1941; baseline -0.002 -21"><span class='ocrx_word' id='word_1_75' title='bbox 246 1845 418 1940; x_wconf 90' lang='lat' dir='ltr'><strong>diculeque</strong></span> <span class='ocrx_word' id='word_1_76' title='bbox 448 1843 679 1940; x_wconf 76' lang='lat' dir='ltr'><strong>syllogisticam</strong></span> <span class='ocrx_word' id='word_1_77' title='bbox 711 1845 879 1930; x_wconf 80' lang='lat' dir='ltr'><strong>reterens,</strong></span> <span class='ocrx_word' id='word_1_78' title='bbox 911 1845 1059 1918; x_wconf 87' lang='lat' dir='ltr'><strong>Theorus</strong></span> <span class='ocrx_word' id='word_1_79' title='bbox 1091 1848 1187 1941; x_wconf 85' lang='lat' dir='ltr'><strong>quasi</strong></span> <span class='ocrx_word' id='word_1_80' title='bbox 1212 1847 1500 1940; x_wconf 82' lang='lat' dir='ltr'><strong>magniloquorum</strong></span> 
     </span>
     <span class='ocr_line' id='line_1_10' title="bbox 245 1975 1500 2074; baseline -0.003 -22"><span class='ocrx_word' id='word_1_81' title='bbox 245 1977 432 2071; x_wconf 86' lang='lat' dir='ltr'><strong>legatorum</strong></span> <span class='ocrx_word' id='word_1_82' title='bbox 458 1975 671 2069; x_wconf 86' lang='lat' dir='ltr'><strong>exemplum,</strong></span> <span class='ocrx_word' id='word_1_83' title='bbox 697 1999 781 2048; x_wconf 83' lang='lat' dir='ltr'><strong>rana</strong></span> <span class='ocrx_word' id='word_1_84' title='bbox 806 1976 929 2048; x_wconf 82' lang='lat' dir='ltr'><strong>auxilia</strong></span> <span class='ocrx_word' id='word_1_85' title='bbox 954 1977 1119 2050; x_wconf 92' lang='lat' dir='ltr'><strong>adducens</strong></span> <span class='ocrx_word' id='word_1_86' title='bbox 1150 1979 1369 2074; x_wconf 83' lang='lat' dir='ltr'><strong>mercedisque</strong></span> <span class='ocrx_word' id='word_1_87' title='bbox 1401 1999 1500 2050; x_wconf 88' lang='lat' dir='ltr'><strong>cansa</strong></span> 
     </span>
     <span class='ocr_line' id='line_1_11' title="bbox 245 2105 1500 2204; baseline -0.003 -22"><span class='ocrx_word' id='word_1_88' title='bbox 245 2110 375 2183; x_wconf 80' lang='lat' dir='ltr'><strong>civitati</strong></span> <span class='ocrx_word' id='word_1_89' title='bbox 399 2109 435 2180; x_wconf 90' lang='lat' dir='ltr'><strong>se</strong></span> <span class='ocrx_word' id='word_1_90' title='bbox 459 2109 639 2202; x_wconf 85' lang='lat' dir='ltr'><strong>praebens,</strong></span> <span class='ocrx_word' id='word_1_91' title='bbox 670 2105 889 2180; x_wconf 86' lang='lat' dir='ltr'><strong>Nicomachus</strong></span> <span class='ocrx_word' id='word_1_92' title='bbox 914 2109 1051 2203; x_wconf 87' lang='lat' dir='ltr'><strong>deniqne</strong></span> <span class='ocrx_word' id='word_1_93' title='bbox 1076 2118 1114 2181; x_wconf 93' lang='lat' dir='ltr'><strong>ut</strong></span> <span class='ocrx_word' id='word_1_94' title='bbox 1139 2111 1269 2203; x_wconf 86' lang='lat' dir='ltr'><strong>negotia</strong></span> <span class='ocrx_word' id='word_1_95' title='bbox 1289 2109 1500 2204; x_wconf 80' lang='lat' dir='ltr'><strong>perturbans,</strong></span> 
     </span>
     <span class='ocr_line' id='line_1_12' title="bbox 243 2215 1497 2338; baseline -0.003 -20"><span class='ocrx_word' id='word_1_96' title='bbox 243 2241 391 2338; x_wconf 89' lang='lat' dir='ltr'><strong>litigator</strong></span> <span class='ocrx_word' id='word_1_97' title='bbox 403 2250 435 2312; x_wconf 89' lang='lat' dir='ltr'><strong>et</strong></span> <span class='ocrx_word' id='word_1_98' title='bbox 448 2215 661 2338; x_wconf 72' lang='lat' dir='ltr'><strong>sycophanta,</strong></span> <span class='ocrx_word' id='word_1_99' title='bbox 685 2241 835 2335; x_wconf 86' lang='lat' dir='ltr'><strong>qualibus</strong></span> <span class='ocrx_word' id='word_1_100' title='bbox 860 2242 1034 2314; x_wconf 86' lang='lat' dir='ltr'><strong>sceleribus</strong></span> <span class='ocrx_word' id='word_1_101' title='bbox 1057 2243 1136 2315; x_wconf 91' lang='lat' dir='ltr'><strong>urbs</strong></span> <span class='ocrx_word' id='word_1_102' title='bbox 1160 2251 1232 2316; x_wconf 91' lang='lat' dir='ltr'><strong>tnm</strong></span> <span class='ocrx_word' id='word_1_103' title='bbox 1257 2252 1329 2314; x_wconf 87' lang='lat' dir='ltr'><strong>crat</strong></span> <span class='ocrx_word' id='word_1_104' title='bbox 1353 2242 1497 2337; x_wconf 77' lang='lat' dir='ltr'><strong>impleta.¹</strong></span> 
     </span>
     <span class='ocr_line' id='line_1_13' title="bbox 261 2374 1496 2470; baseline -0.002 -21"><span class='ocrx_word' id='word_1_105' title='bbox 261 2431 262 2434; x_wconf 63' lang='lat'><strong>,</strong></span> <span class='ocrx_word' id='word_1_106' title='bbox 342 2374 417 2451; x_wconf 84' lang='lat' dir='ltr'><strong>Alio</strong></span> <span class='ocrx_word' id='word_1_107' title='bbox 439 2379 552 2446; x_wconf 88' lang='lat' dir='ltr'><strong>autem</strong></span> <span class='ocrx_word' id='word_1_108' title='bbox 577 2385 673 2467; x_wconf 91' lang='lat' dir='ltr'><strong>pacto</strong></span> <span class='ocrx_word' id='word_1_109' title='bbox 696 2397 731 2445; x_wconf 91' lang='lat' dir='ltr'><strong>so</strong></span> <span class='ocrx_word' id='word_1_110' title='bbox 755 2375 875 2447; x_wconf 90' lang='lat' dir='ltr'><strong>babent</strong></span> <span class='ocrx_word' id='word_1_111' title='bbox 907 2398 1062 2469; x_wconf 89' lang='lat' dir='ltr'><strong>personae</strong></span> <span class='ocrx_word' id='word_1_112' title='bbox 1088 2375 1166 2448; x_wconf 89' lang='lat' dir='ltr'><strong>licto</strong></span> <span class='ocrx_word' id='word_1_113' title='bbox 1191 2378 1321 2448; x_wconf 89' lang='lat' dir='ltr'><strong>nomine</strong></span> <span class='ocrx_word' id='word_1_114' title='bbox 1351 2384 1496 2470; x_wconf 83' lang='lat' dir='ltr'><strong>agentes,</strong></span> 
     </span>
     <span class='ocr_line' id='line_1_14' title="bbox 244 2505 1498 2602; baseline -0.002 -24"><span class='ocrx_word' id='word_1_115' title='bbox 244 2506 357 2602; x_wconf 88' lang='lat' dir='ltr'><strong>qualis</strong></span> <span class='ocrx_word' id='word_1_116' title='bbox 379 2516 428 2580; x_wconf 88' lang='lat' dir='ltr'><strong>est</strong></span> <span class='ocrx_word' id='word_1_117' title='bbox 452 2505 658 2600; x_wconf 87' lang='lat' dir='ltr'><strong>Dicnsopclis</strong></span> <span class='ocrx_word' id='word_1_118' title='bbox 680 2527 758 2577; x_wconf 91' lang='lat' dir='ltr'><strong>eum</strong></span> <span class='ocrx_word' id='word_1_119' title='bbox 783 2506 920 2578; x_wconf 77' lang='lat' dir='ltr'><strong>tamilla.</strong></span> <span class='ocrx_word' id='word_1_120' title='bbox 946 2509 1010 2580; x_wconf 89' lang='lat' dir='ltr'><strong>Hic</strong></span> <span class='ocrx_word' id='word_1_121' title='bbox 1034 2530 1109 2580; x_wconf 89' lang='lat' dir='ltr'><strong>enm</strong></span> <span class='ocrx_word' id='word_1_122' title='bbox 1134 2509 1237 2580; x_wconf 80' lang='lat' dir='ltr'><strong>mnne‘</strong></span> <span class='ocrx_word' id='word_1_123' title='bbox 1257 2507 1288 2578; x_wconf 93' lang='lat' dir='ltr'><strong>in</strong></span> <span class='ocrx_word' id='word_1_124' title='bbox 1307 2508 1498 2579; x_wconf 87' lang='lat' dir='ltr'><strong>concionem</strong></span> 
     </span>
     <span class='ocr_line' id='line_1_15' title="bbox 246 2635 1497 2733; baseline 0 -24"><span class='ocrx_word' id='word_1_125' title='bbox 246 2636 399 2712; x_wconf 75' lang='lat' dir='ltr'><strong>venerit.</strong></span> <span class='ocrx_word' id='word_1_126' title='bbox 430 2636 523 2708; x_wconf 90' lang='lat' dir='ltr'><strong>selus</strong></span> <span class='ocrx_word' id='word_1_127' title='bbox 552 2636 727 2729; x_wconf 87' lang='lat' dir='ltr'><strong>sedensque</strong></span> <span class='ocrx_word' id='word_1_128' title='bbox 751 2636 786 2706; x_wconf 93' lang='lat' dir='ltr'><strong>in</strong></span> <span class='ocrx_word' id='word_1_129' title='bbox 809 2635 966 2710; x_wconf 88' lang='lat' dir='ltr'><strong>subsellio</strong></span> <span class='ocrx_word' id='word_1_130' title='bbox 996 2637 1036 2709; x_wconf 94' lang='lat' dir='ltr'><strong>de</strong></span> <span class='ocrx_word' id='word_1_131' title='bbox 1066 2640 1136 2712; x_wconf 92' lang='lat' dir='ltr'><strong>suis</strong></span> <span class='ocrx_word' id='word_1_132' title='bbox 1166 2639 1363 2733; x_wconf 84' lang='lat' dir='ltr'><strong>temporibus</strong></span> <span class='ocrx_word' id='word_1_133' title='bbox 1392 2660 1497 2731; x_wconf 88' lang='lat' dir='ltr'><strong>quam</strong></span> 
     </span>
     <span class='ocr_line' id='line_1_16' title="bbox 246 2767 1498 2866; baseline -0.002 -22"><span class='ocrx_word' id='word_1_134' title='bbox 246 2768 393 2844; x_wconf 73' lang='lat' dir='ltr'><strong>maxime</strong></span> <span class='ocrx_word' id='word_1_135' title='bbox 428 2767 604 2861; x_wconf 89' lang='lat' dir='ltr'><strong>queritur,</strong></span> <span class='ocrx_word' id='word_1_136' title='bbox 642 2767 796 2862; x_wconf 89' lang='lat' dir='ltr'><strong>valdeque</strong></span> <span class='ocrx_word' id='word_1_137' title='bbox 833 2767 1049 2862; x_wconf 90' lang='lat' dir='ltr'><strong>indignatur,</strong></span> <span class='ocrx_word' id='word_1_138' title='bbox 1085 2771 1172 2866; x_wconf 92' lang='lat' dir='ltr'><strong>quod</strong></span> <span class='ocrx_word' id='word_1_139' title='bbox 1210 2767 1405 2864; x_wconf 82' lang='lat' dir='ltr'><strong>Amphitbeo</strong></span> <span class='ocrx_word' id='word_1_140' title='bbox 1427 2771 1498 2842; x_wconf 84' lang='lat' dir='ltr'><strong>civi</strong></span> 
     </span>
     <span class='ocr_line' id='line_1_17' title="bbox 244 2898 1499 2994; baseline 0.003 -24"><span class='ocrx_word' id='word_1_141' title='bbox 244 2899 351 2994; x_wconf 87' lang='lat' dir='ltr'><strong>probo</strong></span> <span class='ocrx_word' id='word_1_142' title='bbox 374 2902 414 2970; x_wconf 74' lang='lat' dir='ltr'><strong>et‘</strong></span> <span class='ocrx_word' id='word_1_143' title='bbox 431 2920 549 2991; x_wconf 88' lang='lat' dir='ltr'><strong>panem</strong></span> <span class='ocrx_word' id='word_1_144' title='bbox 575 2911 712 2991; x_wconf 89' lang='lat' dir='ltr'><strong>pacturo</strong></span> <span class='ocrx_word' id='word_1_145' title='bbox 741 2898 920 2970; x_wconf 86' lang='lat' dir='ltr'><strong>silentium</strong></span> <span class='ocrx_word' id='word_1_146' title='bbox 936 2899 1148 2994; x_wconf 71' lang='lat' dir='ltr'><strong>imponatur.</strong></span> <span class='ocrx_word' id='word_1_147' title='bbox 1177 2913 1289 2972; x_wconf 89' lang='lat' dir='ltr'><strong>contra</strong></span> <span class='ocrx_word' id='word_1_148' title='bbox 1315 2899 1415 2994; x_wconf 88' lang='lat' dir='ltr'><strong>legati</strong></span> <span class='ocrx_word' id='word_1_149' title='bbox 1441 2924 1499 2994; x_wconf 85' lang='lat' dir='ltr'><strong>po·</strong></span> 
     </span>
     <span class='ocr_line' id='line_1_18' title="bbox 243 3028 1492 3130; baseline -0.002 -23"><span class='ocrx_word' id='word_1_150' title='bbox 243 3031 357 3130; x_wconf 86' lang='lat' dir='ltr'><strong>pulum</strong></span> <span class='ocrx_word' id='word_1_151' title='bbox 385 3030 555 3103; x_wconf 90' lang='lat' dir='ltr'><strong>lraudibus</strong></span> <span class='ocrx_word' id='word_1_152' title='bbox 578 3028 783 3102; x_wconf 84' lang='lat' dir='ltr'><strong>ludificantes</strong></span> <span class='ocrx_word' id='word_1_153' title='bbox 807 3033 838 3100; x_wconf 85' lang='lat' dir='ltr'><strong>in</strong></span> <span class='ocrx_word' id='word_1_154' title='bbox 859 3043 1052 3126; x_wconf 84' lang='lat' dir='ltr'><strong>prytaneum</strong></span> <span class='ocrx_word' id='word_1_155' title='bbox 1076 3036 1119 3104; x_wconf 92' lang='lat' dir='ltr'><strong>ad</strong></span> <span class='ocrx_word' id='word_1_156' title='bbox 1143 3054 1278 3105; x_wconf 89' lang='lat' dir='ltr'><strong>coenam</strong></span> <span class='ocrx_word' id='word_1_157' title='bbox 1303 3033 1492 3122; x_wconf 69' lang='lat' dir='ltr'><strong>invitentur,</strong></span> 
     </span>
     <span class='ocr_line' id='line_1_19' title="bbox 242 3160 1495 3269; baseline -0.005 -31"><span class='ocrx_word' id='word_1_158' title='bbox 242 3165 295 3238; x_wconf 89' lang='lat' dir='ltr'><strong>lra</strong></span> <span class='ocrx_word' id='word_1_159' title='bbox 319 3161 450 3234; x_wconf 87' lang='lat' dir='ltr'><strong>tandem</strong></span> <span class='ocrx_word' id='word_1_160' title='bbox 474 3161 650 3269; x_wconf 77' lang='lat' dir='ltr'><strong>incensus,</strong></span> <span class='ocrx_word' id='word_1_161' title='bbox 684 3170 852 3255; x_wconf 86' lang='lat' dir='ltr'><strong>postquam</strong></span> <span class='ocrx_word' id='word_1_162' title='bbox 883 3160 1075 3256; x_wconf 79' lang='lat' dir='ltr'><strong>Amphitbei</strong></span> <span class='ocrx_word' id='word_1_163' title='bbox 1106 3187 1165 3258; x_wconf 87' lang='lat' dir='ltr'><strong>ope</strong></span> <span class='ocrx_word' id='word_1_164' title='bbox 1190 3185 1304 3257; x_wconf 86' lang='lat' dir='ltr'><strong>panem</strong></span> <span class='ocrx_word' id='word_1_165' title='bbox 1328 3183 1403 3236; x_wconf 91' lang='lat' dir='ltr'><strong>enm</strong></span> <span class='ocrx_word' id='word_1_166' title='bbox 1427 3165 1495 3234; x_wconf 86' lang='lat' dir='ltr'><strong>La-</strong></span> 
     </span>
     <span class='ocr_line' id='line_1_20' title="bbox 242 3271 1495 3390; baseline -0.003 -22"><span class='ocrx_word' id='word_1_167' title='bbox 242 3271 464 3368; x_wconf 86' lang='lat' dir='ltr'><strong>ecdnemeniis</strong></span> <span class='ocrx_word' id='word_1_168' title='bbox 493 3295 701 3387; x_wconf 89' lang='lat' dir='ltr'><strong>composuit,</strong></span> <span class='ocrx_word' id='word_1_169' title='bbox 732 3290 776 3364; x_wconf 84' lang='lat' dir='ltr'><strong>ex&#39;</strong></span> <span class='ocrx_word' id='word_1_170' title='bbox 804 3293 897 3366; x_wconf 57' lang='lat' dir='ltr'><strong>‘urbe&#39;</strong></span> <span class='ocrx_word' id='word_1_171' title='bbox 919 3317 974 3367; x_wconf 91' lang='lat' dir='ltr'><strong>rus</strong></span> <span class='ocrx_word' id='word_1_172' title='bbox 998 3295 1154 3390; x_wconf 82' lang='lat' dir='ltr'><strong>Dionysia</strong></span> <span class='ocrx_word' id='word_1_173' title='bbox 1180 3317 1253 3366; x_wconf 90' lang='lat' dir='ltr'><strong>enm</strong></span> <span class='ocrx_word' id='word_1_174' title='bbox 1286 3293 1411 3366; x_wconf 84' lang='lat' dir='ltr'><strong>familia</strong></span> <span class='ocrx_word' id='word_1_175' title='bbox 1436 3316 1495 3364; x_wconf 92' lang='lat' dir='ltr'><strong>ce·</strong></span> 
     </span>
     <span class='ocr_line' id='line_1_21' title="bbox 241 3411 1495 3519; baseline -0.002 -17"><span class='ocrx_word' id='word_1_176' title='bbox 241 3431 427 3503; x_wconf 87' lang='lat' dir='ltr'><strong>lebraturns</strong></span> <span class='ocrx_word' id='word_1_177' title='bbox 446 3429 526 3498; x_wconf 86' lang='lat' dir='ltr'><strong>exit.</strong></span> <span class='ocrx_word' id='word_1_178' title='bbox 552 3427 605 3496; x_wconf 84' lang='lat' dir='ltr'><strong>Ab</strong></span> <span class='ocrx_word' id='word_1_179' title='bbox 622 3427 882 3499; x_wconf 81' lang='lat' dir='ltr'><strong>Acharneusibus</strong></span> <span class='ocrx_word' id='word_1_180' title='bbox 902 3436 1010 3500; x_wconf 90' lang='lat' dir='ltr'><strong>tamen</strong></span> <span class='ocrx_word' id='word_1_181' title='bbox 1031 3430 1122 3519; x_wconf 86' lang='lat' dir='ltr'><strong>pacis</strong></span> <span class='ocrx_word' id='word_1_182' title='bbox 1146 3429 1372 3500; x_wconf 88' lang='lat' dir='ltr'><strong>reconciliatae</strong></span> <span class='ocrx_word' id='word_1_183' title='bbox 1396 3411 1495 3500; x_wconf 83' lang='lat' dir='ltr'><strong>eausa</strong></span> 
     </span>
     <span class='ocr_line' id='line_1_22' title="bbox 240 3557 1493 3658; baseline -0.005 -22"><span class='ocrx_word' id='word_1_184' title='bbox 240 3565 448 3658; x_wconf 87' lang='lat' dir='ltr'><strong>exagitatus,</strong></span> <span class='ocrx_word' id='word_1_185' title='bbox 479 3557 631 3654; x_wconf 90' lang='lat' dir='ltr'><strong>supplicis</strong></span> <span class='ocrx_word' id='word_1_186' title='bbox 663 3559 750 3652; x_wconf 89' lang='lat' dir='ltr'><strong>apud</strong></span> <span class='ocrx_word' id='word_1_187' title='bbox 783 3559 974 3653; x_wconf 86' lang='lat' dir='ltr'><strong>Euripidem</strong></span> <span class='ocrx_word' id='word_1_188' title='bbox 1001 3558 1177 3632; x_wconf 81' lang='lat' dir='ltr'><strong>miserrimi</strong></span> <span class='ocrx_word' id='word_1_189' title='bbox 1208 3559 1323 3633; x_wconf 90' lang='lat' dir='ltr'><strong>habitu</strong></span> <span class='ocrx_word' id='word_1_190' title='bbox 1346 3559 1493 3643; x_wconf 87' lang='lat' dir='ltr'><strong>indutus,</strong></span> 
     </span>
     <span class='ocr_line' id='line_1_23' title="bbox 242 3688 1494 3786; baseline -0.006 -20"><span class='ocrx_word' id='word_1_191' title='bbox 242 3717 307 3766; x_wconf 93' lang='lat' dir='ltr'><strong>non</strong></span> <span class='ocrx_word' id='word_1_192' title='bbox 338 3693 635 3774; x_wconf 86' lang='lat' dir='ltr'><strong>Lacedaemonios,</strong></span> <span class='ocrx_word' id='word_1_193' title='bbox 665 3691 720 3766; x_wconf 92' lang='lat' dir='ltr'><strong>sed</strong></span> <span class='ocrx_word' id='word_1_194' title='bbox 750 3693 959 3786; x_wconf 85' lang='lat' dir='ltr'><strong>Megarenses</strong></span> <span class='ocrx_word' id='word_1_195' title='bbox 988 3703 1020 3764; x_wconf 93' lang='lat' dir='ltr'><strong>et</strong></span> <span class='ocrx_word' id='word_1_196' title='bbox 1051 3691 1174 3786; x_wconf 89' lang='lat' dir='ltr'><strong>puellas</strong></span> <span class='ocrx_word' id='word_1_197' title='bbox 1212 3703 1324 3786; x_wconf 88' lang='lat' dir='ltr'><strong>raptas</strong></span> <span class='ocrx_word' id='word_1_198' title='bbox 1360 3688 1494 3780; x_wconf 88' lang='lat' dir='ltr'><strong>inlausti</strong></span> 
     </span>
     <span class='ocr_line' id='line_1_24' title="bbox 241 3823 1495 3919; baseline -0.006 -20"><span class='ocrx_word' id='word_1_199' title='bbox 241 3824 320 3900; x_wconf 88' lang='lat' dir='ltr'><strong>belli</strong></span> <span class='ocrx_word' id='word_1_200' title='bbox 351 3846 464 3900; x_wconf 86' lang='lat' dir='ltr'><strong>causas</strong></span> <span class='ocrx_word' id='word_1_201' title='bbox 495 3845 564 3897; x_wconf 89' lang='lat' dir='ltr'><strong>esse</strong></span> <span class='ocrx_word' id='word_1_202' title='bbox 594 3845 781 3919; x_wconf 80' lang='lat' dir='ltr'><strong>exponens,</strong></span> <span class='ocrx_word' id='word_1_203' title='bbox 812 3824 960 3898; x_wconf 89' lang='lat' dir='ltr'><strong>eratione</strong></span> <span class='ocrx_word' id='word_1_204' title='bbox 991 3845 1048 3898; x_wconf 92' lang='lat' dir='ltr'><strong>eos</strong></span> <span class='ocrx_word' id='word_1_205' title='bbox 1077 3823 1341 3919; x_wconf 77' lang='lat' dir='ltr'><strong>advocatumque</strong></span> <span class='ocrx_word' id='word_1_206' title='bbox 1371 3823 1495 3895; x_wconf 83' lang='lat' dir='ltr'><strong>Lama·</strong></span> 
     </span>
    </p>
   </div>
   <div class='ocr_carea' id='block_1_7' title="bbox 240 4015 653 4037">
    <p class='ocr_par' dir='ltr' id='par_1_7' title="bbox 240 4015 653 4037">
     <span class='ocr_line' id='line_1_25' title="bbox 240 4015 653 4037; baseline -0.012 -1"><span class='ocrx_word' id='word_1_207' title='bbox 240 4015 653 4037; x_wconf 57' lang='lat' dir='ltr'><em>m</em></span> 
     </span>
    </p>
   </div>
   <div class='ocr_carea' id='block_1_8' title="bbox 242 4121 1494 4448">
    <p class='ocr_par' dir='ltr' id='par_1_8' title="bbox 242 4121 1494 4448">
     <span class='ocr_line' id='line_1_26' title="bbox 242 4121 1494 4242; baseline -0.01 -38"><span class='ocrx_word' id='word_1_208' title='bbox 242 4137 278 4227; x_wconf 83' lang='lat'><strong>1)</strong></span> <span class='ocrx_word' id='word_1_209' title='bbox 316 4139 395 4204; x_wconf 84' lang='lat' dir='ltr'><strong>Nam</strong></span> <span class='ocrx_word' id='word_1_210' title='bbox 427 4121 642 4242; x_wconf 77' lang='lat' dir='ltr'><strong>Lamachum,</strong></span> <span class='ocrx_word' id='word_1_211' title='bbox 668 4143 822 4222; x_wconf 81' lang='lat' dir='ltr'><strong>utsupra</strong></span> <span class='ocrx_word' id='word_1_212' title='bbox 855 4136 944 4217; x_wconf 87' lang='lat' dir='ltr'><strong>dixi,</strong></span> <span class='ocrx_word' id='word_1_213' title='bbox 978 4143 1048 4219; x_wconf 85' lang='lat' dir='ltr'><strong>pust</strong></span> <span class='ocrx_word' id='word_1_214' title='bbox 1079 4135 1199 4201; x_wconf 86' lang='lat' dir='ltr'><strong>obitum</strong></span> <span class='ocrx_word' id='word_1_215' title='bbox 1225 4142 1259 4196; x_wconf 87' lang='lat' dir='ltr'><strong>nt</strong></span> <span class='ocrx_word' id='word_1_216' title='bbox 1284 4130 1409 4194; x_wconf 85' lang='lat' dir='ltr'><strong>beroem</strong></span> <span class='ocrx_word' id='word_1_217' title='bbox 1434 4147 1494 4192; x_wconf 88' lang='lat' dir='ltr'><strong>ce·</strong></span> 
     </span>
     <span class='ocr_line' id='line_1_27' title="bbox 312 4240 1494 4350; baseline -0.008 -34"><span class='ocrx_word' id='word_1_218' title='bbox 312 4251 414 4328; x_wconf 80' lang='lat' dir='ltr'><strong>lebret</strong></span> <span class='ocrx_word' id='word_1_219' title='bbox 444 4261 477 4317; x_wconf 88' lang='lat' dir='ltr'><strong>ct</strong></span> <span class='ocrx_word' id='word_1_220' title='bbox 505 4251 691 4328; x_wconf 83' lang='lat' dir='ltr'><strong>Socratem,</strong></span> <span class='ocrx_word' id='word_1_221' title='bbox 728 4269 861 4334; x_wconf 85' lang='lat' dir='ltr'><strong>quornm</strong></span> <span class='ocrx_word' id='word_1_222' title='bbox 891 4251 924 4314; x_wconf 91' lang='lat' dir='ltr'><strong>iu</strong></span> <span class='ocrx_word' id='word_1_223' title='bbox 955 4249 1094 4350; x_wconf 85' lang='lat' dir='ltr'><strong>Platonis</strong></span> <span class='ocrx_word' id='word_1_224' title='bbox 1125 4243 1279 4313; x_wconf 75' lang='lat' dir='ltr'><strong>Convicio</strong></span> <span class='ocrx_word' id='word_1_225' title='bbox 1308 4240 1494 4310; x_wconf 86' lang='lat' dir='ltr'><strong>amicissime</strong></span> 
     </span>
     <span class='ocr_line' id='line_1_28' title="bbox 313 4355 1048 4448; baseline 0.005 -19"><span class='ocrx_word' id='word_1_226' title='bbox 313 4355 526 4448; x_wconf 79' lang='lat' dir='ltr'><strong>colloquitur,</strong></span> <span class='ocrx_word' id='word_1_227' title='bbox 555 4365 589 4433; x_wconf 87' lang='lat' dir='ltr'><strong>in</strong></span> <span class='ocrx_word' id='word_1_228' title='bbox 618 4365 763 4430; x_wconf 80' lang='lat' dir='ltr'><strong>Nubibus</strong></span> <span class='ocrx_word' id='word_1_229' title='bbox 784 4362 921 4433; x_wconf 80' lang='lat' dir='ltr'><strong>ludibrio</strong></span> <span class='ocrx_word' id='word_1_230' title='bbox 945 4363 1048 4433; x_wconf 85' lang='lat' dir='ltr'><strong>babet.</strong></span> 
     </span>
    </p>
   </div>
   <div class='ocr_carea' id='block_1_9' title="bbox 0 0 1668 4906">
    <p class='ocr_par' dir='ltr' id='par_1_9' title="bbox 0 0 1668 4906">
     <span class='ocr_line' id='line_1_29' title="bbox 0 0 1668 4906; baseline 0 3"><span class='ocrx_word' id='word_1_231' title='bbox 0 0 1668 4906; x_wconf 95' lang='lat' dir='ltr'><strong> </strong></span> 
     </span>
    </p>
   </div>
  </div>
 </body>
</html>
