<?xml version="1.0" encoding="UTF-8"?>
<!DOCTYPE html PUBLIC "-//W3C//DTD XHTML 1.0 Transitional//EN"
    "http://www.w3.org/TR/xhtml1/DTD/xhtml1-transitional.dtd">
<html xmlns="http://www.w3.org/1999/xhtml" xml:lang="en" lang="en">
 <head>
  <title>
</title>
<meta http-equiv="Content-Type" content="text/html;charset=utf-8" />
  <meta name='ocr-system' content='tesseract 3.04.00' />
  <meta name='ocr-capabilities' content='ocr_page ocr_carea ocr_par ocr_line ocrx_word'/>
</head>
<body>
  <div class='ocr_page' id='page_1' title='image "./dearistophanisa00schagoog_0011.png"; bbox 0 0 3326 4906; ppageno 0'>
   <div class='ocr_carea' id='block_1_1' title="bbox 789 543 1009 608">
    <p class='ocr_par' dir='ltr' id='par_1_1' title="bbox 789 543 1009 608">
     <span class='ocr_line' id='line_1_1' title="bbox 789 543 1009 608; baseline 0.005 -16"><span class='ocrx_word' id='word_1_1' title='bbox 789 543 1009 608; x_wconf 72' lang='lat'>...2-</span> 
     </span>
    </p>
   </div>
   <div class='ocr_carea' id='block_1_2' title="bbox 206 773 1558 2712">
    <p class='ocr_par' dir='ltr' id='par_1_2' title="bbox 206 773 1558 2712">
     <span class='ocr_line' id='line_1_2' title="bbox 278 773 1536 876; baseline 0.006 -24"><span class='ocrx_word' id='word_1_2' title='bbox 278 783 502 876; x_wconf 86' lang='lat' dir='ltr'><strong>reliquerunt.</strong></span> <span class='ocrx_word' id='word_1_3' title='bbox 533 784 589 876; x_wconf 89' lang='lat' dir='ltr'><strong>qui</strong></span> <span class='ocrx_word' id='word_1_4' title='bbox 623 803 687 854; x_wconf 91' lang='lat' dir='ltr'><strong>non</strong></span> <span class='ocrx_word' id='word_1_5' title='bbox 716 795 927 866; x_wconf 77' lang='lat' dir='ltr'>exornatores</span> <span class='ocrx_word' id='word_1_6' title='bbox 958 807 1088 869; x_wconf 89' lang='lat' dir='ltr'><strong>rerum,</strong></span> <span class='ocrx_word' id='word_1_7' title='bbox 1113 786 1168 858; x_wconf 88' lang='lat' dir='ltr'><strong>sed</strong></span> <span class='ocrx_word' id='word_1_8' title='bbox 1202 773 1428 860; x_wconf 85' lang='lat' dir='ltr'><strong>tantummodo</strong></span> <span class='ocrx_word' id='word_1_9' title='bbox 1454 812 1536 860; x_wconf 90' lang='lat' dir='ltr'><strong>nar-</strong></span> 
     </span>
     <span class='ocr_line' id='line_1_3' title="bbox 280 913 1558 1024; baseline 0.007 -41"><span class='ocrx_word' id='word_1_10' title='bbox 280 922 407 986; x_wconf 86' lang='lat' dir='ltr'><strong>ratores</strong></span> <span class='ocrx_word' id='word_1_11' title='bbox 421 913 616 1008; x_wconf 84' lang='lat' dir='ltr'><strong>luerunt¹);</strong></span> <span class='ocrx_word' id='word_1_12' title='bbox 641 915 696 986; x_wconf 88' lang='lat' dir='ltr'><strong>sed</strong></span> <span class='ocrx_word' id='word_1_13' title='bbox 712 914 880 986; x_wconf 76' lang='lat' dir='ltr'>historiam</span> <span class='ocrx_word' id='word_1_14' title='bbox 899 913 1081 1000; x_wconf 84' lang='lat' dir='ltr'><strong>desideret,</strong></span> <span class='ocrx_word' id='word_1_15' title='bbox 1106 941 1216 1011; x_wconf 84' lang='lat' dir='ltr'><strong>quae,</strong></span> <span class='ocrx_word' id='word_1_16' title='bbox 1240 929 1276 1024; x_wconf 72' lang='lat' dir='ltr'><strong>ut</strong></span> <span class='ocrx_word' id='word_1_17' title='bbox 1289 919 1405 990; x_wconf 84' lang='lat' dir='ltr'><strong>Cicero</strong></span> <span class='ocrx_word' id='word_1_18' title='bbox 1429 917 1532 1012; x_wconf 59' lang='grc' dir='ltr'><strong>ω’),</strong></span> <span class='ocrx_word' id='word_1_19' title='bbox 1557 1003 1558 1006; x_wconf 10' lang='lat'>¹</span> 
     </span>
     <span class='ocr_line' id='line_1_4' title="bbox 278 1021 1534 1139; baseline 0.003 -21"><span class='ocrx_word' id='word_1_20' title='bbox 278 1047 447 1138; x_wconf 83' lang='lat' dir='ltr'><strong>quamsit</strong></span> <span class='ocrx_word' id='word_1_21' title='bbox 473 1046 565 1118; x_wconf 86' lang='lat' dir='ltr'><strong>testis</strong></span> <span class='ocrx_word' id='word_1_22' title='bbox 595 1021 810 1139; x_wconf 84' lang='lat' dir='ltr'><strong>temporum.</strong></span> <span class='ocrx_word' id='word_1_23' title='bbox 844 1047 901 1120; x_wconf 85' lang='lat' dir='ltr'><strong>lux</strong></span> <span class='ocrx_word' id='word_1_24' title='bbox 925 1048 1095 1132; x_wconf 86' lang='lat' dir='ltr'><strong>veritatis,</strong></span> <span class='ocrx_word' id='word_1_25' title='bbox 1120 1052 1191 1121; x_wconf 89' lang='lat' dir='ltr'><strong>vita</strong></span> <span class='ocrx_word' id='word_1_26' title='bbox 1218 1053 1417 1132; x_wconf 83' lang='lat' dir='ltr'><strong>memoriae,</strong></span> <span class='ocrx_word' id='word_1_27' title='bbox 1443 1075 1534 1124; x_wconf 90' lang='lat' dir='ltr'><strong>nuu-</strong></span> 
     </span>
     <span class='ocr_line' id='line_1_5' title="bbox 206 1167 1532 1271; baseline 0.007 -26"><span class='ocrx_word' id='word_1_28' title='bbox 206 1261 209 1264; x_wconf 88' lang='lat'>.</span> <span class='ocrx_word' id='word_1_29' title='bbox 278 1177 325 1248; x_wconf 86' lang='lat' dir='ltr'><strong>tie</strong></span> <span class='ocrx_word' id='word_1_30' title='bbox 351 1179 545 1258; x_wconf 81' lang='lat' dir='ltr'><strong>vetustatis.</strong></span> <span class='ocrx_word' id='word_1_31' title='bbox 570 1201 634 1271; x_wconf 88' lang='lat' dir='ltr'><strong>qua</strong></span> <span class='ocrx_word' id='word_1_32' title='bbox 662 1167 741 1249; x_wconf 79' lang='lat' dir='ltr'><strong>roce</strong></span> <span class='ocrx_word' id='word_1_33' title='bbox 767 1178 855 1254; x_wconf 83' lang='lat' dir='ltr'><strong>alia.</strong></span> <span class='ocrx_word' id='word_1_34' title='bbox 882 1181 943 1252; x_wconf 91' lang='lat' dir='ltr'><strong>nisi</strong></span> <span class='ocrx_word' id='word_1_35' title='bbox 975 1181 1404 1263; x_wconf 84' lang='lat' dir='ltr'><strong>oratorie..immortelitati</strong></span> <span class='ocrx_word' id='word_1_36' title='bbox 1433 1206 1532 1254; x_wconf 92' lang='lat' dir='ltr'><strong>com-</strong></span> 
     </span>
     <span class='ocr_line' id='line_1_6' title="bbox 278 1309 1532 1408; baseline 0.006 -28"><span class='ocrx_word' id='word_1_37' title='bbox 278 1309 463 1380; x_wconf 88' lang='lat' dir='ltr'><strong>mendetur.</strong></span> <span class='ocrx_word' id='word_1_38' title='bbox 490 1310 763 1382; x_wconf 88' lang='lat' dir='ltr'><strong>Verbo-vanum</strong></span> <span class='ocrx_word' id='word_1_39' title='bbox 791 1323 875 1382; x_wconf 91' lang='lat' dir='ltr'><strong>esset</strong></span> <span class='ocrx_word' id='word_1_40' title='bbox 900 1321 1009 1384; x_wconf 91' lang='lat' dir='ltr'><strong>nostra</strong></span> <span class='ocrx_word' id='word_1_41' title='bbox 1035 1322 1140 1384; x_wconf 88' lang='lat' dir='ltr'><strong>aetate</strong></span> <span class='ocrx_word' id='word_1_42' title='bbox 1165 1313 1335 1395; x_wconf 85' lang='lat' dir='ltr'><strong>studium.</strong></span> <span class='ocrx_word' id='word_1_43' title='bbox 1363 1317 1451 1408; x_wconf 88' lang='lat' dir='ltr'><strong>quod</strong></span> <span class='ocrx_word' id='word_1_44' title='bbox 1474 1339 1532 1390; x_wconf 90' lang='lat' dir='ltr'><strong>re-</strong></span> 
     </span>
     <span class='ocr_line' id='line_1_7' title="bbox 276 1443 1532 1540; baseline 0.007 -30"><span class='ocrx_word' id='word_1_45' title='bbox 276 1463 350 1516; x_wconf 91' lang='lat' dir='ltr'><strong>rum</strong></span> <span class='ocrx_word' id='word_1_46' title='bbox 375 1452 540 1534; x_wconf 81' lang='lat' dir='ltr'><strong>gestarum</strong></span> <span class='ocrx_word' id='word_1_47' title='bbox 563 1464 714 1513; x_wconf 88' lang='lat' dir='ltr'><strong>acervum</strong></span> <span class='ocrx_word' id='word_1_48' title='bbox 740 1465 803 1512; x_wconf 95' lang='lat' dir='ltr'><strong>non</strong></span> <span class='ocrx_word' id='word_1_49' title='bbox 830 1443 893 1513; x_wconf 90' lang='lat' dir='ltr'><strong>nisi</strong></span> <span class='ocrx_word' id='word_1_50' title='bbox 917 1445 1094 1514; x_wconf 88' lang='lat' dir='ltr'><strong>memoriae</strong></span> <span class='ocrx_word' id='word_1_51' title='bbox 1119 1445 1341 1539; x_wconf 79' lang='lat' dir='ltr'><strong>imprimeret.</strong></span> <span class='ocrx_word' id='word_1_52' title='bbox 1365 1456 1465 1540; x_wconf 88' lang='lat' dir='ltr'><strong>atque</strong></span> <span class='ocrx_word' id='word_1_53' title='bbox 1489 1471 1532 1519; x_wconf 86' lang='lat' dir='ltr'><strong>ao</strong></span> 
     </span>
     <span class='ocr_line' id='line_1_8' title="bbox 276 1575 1531 1666; baseline 0.004 -23"><span class='ocrx_word' id='word_1_54' title='bbox 276 1575 348 1666; x_wconf 92' lang='lat' dir='ltr'><strong>ipso</strong></span> <span class='ocrx_word' id='word_1_55' title='bbox 373 1581 457 1642; x_wconf 88' lang='lat' dir='ltr'><strong>esset</strong></span> <span class='ocrx_word' id='word_1_56' title='bbox 487 1579 697 1654; x_wconf 69' lang='lat' dir='ltr'><strong>contentum</strong></span> <span class='ocrx_word' id='word_1_57' title='bbox 731 1597 774 1642; x_wconf 83' lang='lat' dir='ltr'><strong>ex</strong></span> <span class='ocrx_word' id='word_1_58' title='bbox 804 1576 966 1645; x_wconf 90' lang='lat' dir='ltr'><strong>contrario</strong></span> <span class='ocrx_word' id='word_1_59' title='bbox 1000 1585 1146 1648; x_wconf 89' lang='lat' dir='ltr'><strong>nostrum</strong></span> <span class='ocrx_word' id='word_1_60' title='bbox 1182 1586 1229 1647; x_wconf 92' lang='lat' dir='ltr'><strong>est</strong></span> <span class='ocrx_word' id='word_1_61' title='bbox 1260 1600 1302 1648; x_wconf 84' lang='lat' dir='ltr'><strong>ex</strong></span> <span class='ocrx_word' id='word_1_62' title='bbox 1325 1575 1384 1648; x_wconf 94' lang='lat' dir='ltr'><strong>illo</strong></span> <span class='ocrx_word' id='word_1_63' title='bbox 1413 1600 1531 1651; x_wconf 87' lang='lat' dir='ltr'><strong>acervo</strong></span> 
     </span>
     <span class='ocr_line' id='line_1_9' title="bbox 277 1703 1530 1798; baseline 0.005 -24"><span class='ocrx_word' id='word_1_64' title='bbox 277 1703 412 1774; x_wconf 80' lang='lat' dir='ltr'><strong>informi</strong></span> <span class='ocrx_word' id='word_1_65' title='bbox 447 1703 562 1771; x_wconf 87' lang='lat' dir='ltr'><strong>aedem</strong></span> <span class='ocrx_word' id='word_1_66' title='bbox 600 1717 791 1784; x_wconf 87' lang='lat' dir='ltr'><strong>exstruere,</strong></span> <span class='ocrx_word' id='word_1_67' title='bbox 823 1727 887 1797; x_wconf 89' lang='lat' dir='ltr'><strong>qua</strong></span> <span class='ocrx_word' id='word_1_68' title='bbox 919 1705 1045 1798; x_wconf 85' lang='lat' dir='ltr'><strong>singula</strong></span> <span class='ocrx_word' id='word_1_69' title='bbox 1078 1729 1096 1774; x_wconf 89' lang='lat' dir='ltr'><strong>e</strong></span> <span class='ocrx_word' id='word_1_70' title='bbox 1126 1705 1252 1798; x_wconf 83' lang='lat' dir='ltr'><strong>legibus</strong></span> <span class='ocrx_word' id='word_1_71' title='bbox 1282 1709 1419 1779; x_wconf 76' lang='lat' dir='ltr'><strong>criticae</strong></span> <span class='ocrx_word' id='word_1_72' title='bbox 1451 1709 1530 1780; x_wconf 86' lang='lat' dir='ltr'><strong>artis</strong></span> 
     </span>
     <span class='ocr_line' id='line_1_10' title="bbox 278 1835 1529 1932; baseline 0.005 -28"><span class='ocrx_word' id='word_1_73' title='bbox 278 1835 541 1930; x_wconf 72' lang='lat' dir='ltr'><strong>coniungantur.</strong></span> <span class='ocrx_word' id='word_1_74' title='bbox 568 1842 657 1906; x_wconf 90' lang='lat' dir='ltr'><strong>totus</strong></span> <span class='ocrx_word' id='word_1_75' title='bbox 682 1835 854 1906; x_wconf 89' lang='lat' dir='ltr'><strong>civitatum</strong></span> <span class='ocrx_word' id='word_1_76' title='bbox 879 1847 981 1909; x_wconf 86' lang='lat' dir='ltr'><strong>status</strong></span> <span class='ocrx_word' id='word_1_77' title='bbox 1012 1838 1123 1908; x_wconf 88' lang='lat' dir='ltr'><strong>animo</strong></span> <span class='ocrx_word' id='word_1_78' title='bbox 1153 1838 1367 1932; x_wconf 73' lang='lat' dir='ltr'><strong>perspiciatur</strong></span> <span class='ocrx_word' id='word_1_79' title='bbox 1393 1849 1426 1911; x_wconf 88' lang='lat' dir='ltr'><strong>et</strong></span> <span class='ocrx_word' id='word_1_80' title='bbox 1452 1839 1529 1911; x_wconf 93' lang='lat' dir='ltr'><strong>hinc</strong></span> 
     </span>
     <span class='ocr_line' id='line_1_11' title="bbox 279 1967 1527 2063; baseline 0.002 -27"><span class='ocrx_word' id='word_1_81' title='bbox 279 1967 446 2038; x_wconf 84' lang='lat' dir='ltr'><strong>exoriatur</strong></span> <span class='ocrx_word' id='word_1_82' title='bbox 477 1968 565 2037; x_wconf 85' lang='lat' dir='ltr'><strong>vitae</strong></span> <span class='ocrx_word' id='word_1_83' title='bbox 596 1968 753 2058; x_wconf 81' lang='lat' dir='ltr'><strong>magistra</strong></span> <span class='ocrx_word' id='word_1_84' title='bbox 786 1967 999 2060; x_wconf 82' lang='lat' dir='ltr'><strong>philosophia.</strong></span> <span class='ocrx_word' id='word_1_85' title='bbox 1037 1968 1240 2042; x_wconf 85' lang='lat' dir='ltr'><strong>Exstiterunt</strong></span> <span class='ocrx_word' id='word_1_86' title='bbox 1277 1969 1409 2063; x_wconf 85' lang='lat' dir='ltr'><strong>quidem</strong></span> <span class='ocrx_word' id='word_1_87' title='bbox 1440 1970 1527 2063; x_wconf 87' lang='lat' dir='ltr'><strong>apud</strong></span> 
     </span>
     <span class='ocr_line' id='line_1_12' title="bbox 277 2097 1525 2194; baseline 0.002 -24"><span class='ocrx_word' id='word_1_88' title='bbox 277 2101 423 2170; x_wconf 85' lang='lat' dir='ltr'><strong>Graecos</strong></span> <span class='ocrx_word' id='word_1_89' title='bbox 446 2107 575 2192; x_wconf 89' lang='lat' dir='ltr'><strong>praeter</strong></span> <span class='ocrx_word' id='word_1_90' title='bbox 601 2097 839 2192; x_wconf 78' lang='lat' dir='ltr'><strong>Pherecydem,</strong></span> <span class='ocrx_word' id='word_1_91' title='bbox 869 2099 1092 2183; x_wconf 74' lang='lat' dir='ltr'><strong>hellanicum,</strong></span> <span class='ocrx_word' id='word_1_92' title='bbox 1119 2100 1312 2171; x_wconf 83' lang='lat' dir='ltr'><strong>Acusilaum</strong></span> <span class='ocrx_word' id='word_1_93' title='bbox 1337 2102 1525 2194; x_wconf 82' lang='lat' dir='ltr'><strong>similesque</strong></span> 
     </span>
     <span class='ocr_line' id='line_1_13' title="bbox 279 2225 1529 2323; baseline 0.004 -25"><span class='ocrx_word' id='word_1_94' title='bbox 279 2229 467 2298; x_wconf 86' lang='lat' dir='ltr'><strong>Herodotus</strong></span> <span class='ocrx_word' id='word_1_95' title='bbox 492 2225 646 2296; x_wconf 80' lang='lat' dir='ltr'><strong>historiae</strong></span> <span class='ocrx_word' id='word_1_96' title='bbox 673 2227 840 2320; x_wconf 80' lang='lat' dir='ltr'><strong>princeps.</strong></span> <span class='ocrx_word' id='word_1_97' title='bbox 864 2227 1076 2323; x_wconf 83' lang='lat' dir='ltr'><strong>Thucydides,</strong></span> <span class='ocrx_word' id='word_1_98' title='bbox 1102 2231 1159 2321; x_wconf 86' lang='lat' dir='ltr'><strong>qui</strong></span> <span class='ocrx_word' id='word_1_99' title='bbox 1183 2254 1296 2303; x_wconf 90' lang='lat' dir='ltr'><strong>omnes</strong></span> <span class='ocrx_word' id='word_1_100' title='bbox 1320 2232 1449 2302; x_wconf 90' lang='lat' dir='ltr'><strong>dicendi</strong></span> <span class='ocrx_word' id='word_1_101' title='bbox 1474 2253 1529 2303; x_wconf 87' lang='lat' dir='ltr'><strong>ar-</strong></span> 
     </span>
     <span class='ocr_line' id='line_1_14' title="bbox 279 2356 1525 2456; baseline 0.002 -29"><span class='ocrx_word' id='word_1_102' title='bbox 279 2356 384 2429; x_wconf 89' lang='lat' dir='ltr'><strong>tificio</strong></span> <span class='ocrx_word' id='word_1_103' title='bbox 409 2357 505 2428; x_wconf 89' lang='lat' dir='ltr'><strong>lacile</strong></span> <span class='ocrx_word' id='word_1_104' title='bbox 529 2357 609 2428; x_wconf 83' lang='lat' dir='ltr'><strong>vicit</strong></span> <span class='ocrx_word' id='word_1_105' title='bbox 633 2369 666 2427; x_wconf 92' lang='lat' dir='ltr'><strong>et</strong></span> <span class='ocrx_word' id='word_1_106' title='bbox 685 2379 703 2426; x_wconf 86' lang='lat' dir='ltr'><strong>a</strong></span> <span class='ocrx_word' id='word_1_107' title='bbox 724 2356 926 2450; x_wconf 91' lang='lat' dir='ltr'><strong>philosophia</strong></span> <span class='ocrx_word' id='word_1_108' title='bbox 952 2359 1309 2452; x_wconf 84' lang='lat' dir='ltr'><strong>Socraticaproiectus</strong></span> <span class='ocrx_word' id='word_1_109' title='bbox 1333 2360 1525 2456; x_wconf 82' lang='lat' dir='ltr'><strong>Xenophon,</strong></span> 
     </span>
     <span class='ocr_line' id='line_1_15' title="bbox 278 2481 1528 2567; baseline 0.002 -11"><span class='ocrx_word' id='word_1_110' title='bbox 278 2486 387 2558; x_wconf 88' lang='lat' dir='ltr'><strong>sediis</strong></span> <span class='ocrx_word' id='word_1_111' title='bbox 402 2487 544 2557; x_wconf 89' lang='lat' dir='ltr'><strong>nondum</strong></span> <span class='ocrx_word' id='word_1_112' title='bbox 570 2486 713 2567; x_wconf 86' lang='lat' dir='ltr'><strong>satiatus,</strong></span> <span class='ocrx_word' id='word_1_113' title='bbox 743 2508 800 2556; x_wconf 88' lang='lat' dir='ltr'><strong>nec</strong></span> <span class='ocrx_word' id='word_1_114' title='bbox 825 2481 942 2556; x_wconf 82' lang='lat' dir='ltr'><strong>omnes</strong></span> <span class='ocrx_word' id='word_1_115' title='bbox 964 2488 1041 2557; x_wconf 85' lang='lat' dir='ltr'><strong>satis</strong></span> <span class='ocrx_word' id='word_1_116' title='bbox 1066 2481 1189 2556; x_wconf 84' lang='lat' dir='ltr'><strong>habens</strong></span> <span class='ocrx_word' id='word_1_117' title='bbox 1213 2488 1346 2558; x_wconf 86' lang='lat' dir='ltr'><strong>consulo</strong></span> <span class='ocrx_word' id='word_1_118' title='bbox 1372 2487 1422 2558; x_wconf 93' lang='lat' dir='ltr'><strong>illi</strong></span> <span class='ocrx_word' id='word_1_119' title='bbox 1441 2499 1528 2559; x_wconf 84' lang='lat' dir='ltr'><strong>tem·</strong></span> 
     </span>
     <span class='ocr_line' id='line_1_16' title="bbox 280 2603 1524 2712; baseline 0.006 -28"><span class='ocrx_word' id='word_1_120' title='bbox 280 2617 375 2707; x_wconf 86' lang='lat' dir='ltr'><strong>pori,</strong></span> <span class='ocrx_word' id='word_1_121' title='bbox 403 2603 495 2709; x_wconf 83' lang='lat' dir='ltr'><strong>quod¹</strong></span> <span class='ocrx_word' id='word_1_122' title='bbox 514 2615 670 2684; x_wconf 83' lang='lat' dir='ltr'><strong>Graeciae</strong></span> <span class='ocrx_word' id='word_1_123' title='bbox 701 2616 762 2684; x_wconf 90' lang='lat' dir='ltr'><strong>llos</strong></span> <span class='ocrx_word' id='word_1_124' title='bbox 788 2626 821 2684; x_wconf 92' lang='lat' dir='ltr'><strong>et</strong></span> <span class='ocrx_word' id='word_1_125' title='bbox 846 2615 974 2707; x_wconf 83' lang='lat' dir='ltr'><strong>primus</strong></span> <span class='ocrx_word' id='word_1_126' title='bbox 1009 2616 1127 2706; x_wconf 80' lang='lat' dir='ltr'><strong>gradus</strong></span> <span class='ocrx_word' id='word_1_127' title='bbox 1153 2619 1370 2712; x_wconf 85' lang='lat' dir='ltr'><strong>corruptionis</strong></span> <span class='ocrx_word' id='word_1_128' title='bbox 1394 2619 1524 2703; x_wconf 82' lang='lat' dir='ltr'><strong>dicitur,</strong></span> 
     </span>
    </p>
   </div>
   <div class='ocr_carea' id='block_1_3' title="bbox 278 2741 1527 3105">
    <p class='ocr_par' dir='ltr' id='par_1_3' title="bbox 278 2741 1527 3105">
     <span class='ocr_line' id='line_1_17' title="bbox 279 2741 1526 2860; baseline 0.006 -42"><span class='ocrx_word' id='word_1_129' title='bbox 279 2749 485 2820; x_wconf 84' lang='lat' dir='ltr'><strong>comoediam</strong></span> <span class='ocrx_word' id='word_1_130' title='bbox 510 2769 638 2840; x_wconf 88' lang='lat' dir='ltr'><strong>quoque</strong></span> <span class='ocrx_word' id='word_1_131' title='bbox 664 2747 819 2818; x_wconf 88' lang='lat' dir='ltr'><strong>adhihere</strong></span> <span class='ocrx_word' id='word_1_132' title='bbox 844 2759 975 2840; x_wconf 83' lang='lat' dir='ltr'><strong>elprae</strong></span> <span class='ocrx_word' id='word_1_133' title='bbox 1000 2747 1074 2819; x_wconf 87' lang='lat' dir='ltr'><strong>aliis</strong></span> <span class='ocrx_word' id='word_1_134' title='bbox 1099 2741 1425 2842; x_wconf 73' lang='lat' dir='ltr'><strong>Aristophanis-ti</strong></span> <span class='ocrx_word' id='word_1_135' title='bbox 1445 2749 1526 2860; x_wconf 76' lang='grc' dir='ltr'><strong>γάρ</strong></span> 
     </span>
     <span class='ocr_line' id='line_1_18' title="bbox 280 2867 1527 2990; baseline 0.001 -36"><span class='ocrx_word' id='word_1_136' title='bbox 280 2901 352 2954; x_wconf 67' lang='grc' dir='ltr'><strong>τοι</strong></span> <span class='ocrx_word' id='word_1_137' title='bbox 378 2867 580 2987; x_wconf 59' lang='grc' dir='ltr'><em>κωμῳδία</em></span> <span class='ocrx_word' id='word_1_138' title='bbox 605 2867 718 2971; x_wconf 76' lang='lat' dir='ltr'><strong>arie-ri</strong></span> <span class='ocrx_word' id='word_1_139' title='bbox 737 2875 793 2953; x_wconf 66' lang='lat' dir='ltr'><strong>ed</strong></span> <span class='ocrx_word' id='word_1_140' title='bbox 814 2872 982 2990; x_wconf 76' lang='grc' dir='ltr'>γελοῖον</span> <span class='ocrx_word' id='word_1_141' title='bbox 1005 2885 1331 2990; x_wconf 68' lang='grc' dir='ltr'><strong>προστησαμένη</strong></span> <span class='ocrx_word' id='word_1_142' title='bbox 1356 2877 1527 2980; x_wconf 78' lang='grc' dir='ltr'>φιλοσο-</span> 
     </span>
     <span class='ocr_line' id='line_1_19' title="bbox 278 3010 1526 3105; baseline -0.002 -22"><span class='ocrx_word' id='word_1_143' title='bbox 278 3017 350 3105; x_wconf 82' lang='grc' dir='ltr'><strong>φεῖ</strong></span> <span class='ocrx_word' id='word_1_144' title='bbox 374 3011 416 3102; x_wconf 77' lang='lat'><strong>²).</strong></span> <span class='ocrx_word' id='word_1_145' title='bbox 433 3048 472 3063; x_wconf 92' lang='lat'>-</span> <span class='ocrx_word' id='word_1_146' title='bbox 490 3010 722 3102; x_wconf 86' lang='lat' dir='ltr'><strong>Aristophanes</strong></span> <span class='ocrx_word' id='word_1_147' title='bbox 753 3011 795 3082; x_wconf 86' lang='lat' dir='ltr'><strong>ist</strong></span> <span class='ocrx_word' id='word_1_148' title='bbox 819 3012 876 3082; x_wconf 89' lang='lat' dir='ltr'><strong>das</strong></span> <span class='ocrx_word' id='word_1_149' title='bbox 900 3014 1121 3104; x_wconf 81' lang='lat' dir='ltr'><strong>gemeinsame</strong></span> <span class='ocrx_word' id='word_1_150' title='bbox 1153 3014 1269 3098; x_wconf 86' lang='lat' dir='ltr'><strong>Band,</strong></span> <span class='ocrx_word' id='word_1_151' title='bbox 1299 3013 1439 3084; x_wconf 86' lang='lat' dir='ltr'><strong>welches</strong></span> <span class='ocrx_word' id='word_1_152' title='bbox 1464 3012 1526 3083; x_wconf 89' lang='lat' dir='ltr'><strong>alle</strong></span> 
     </span>
    </p>
   </div>
   <div class='ocr_carea' id='block_1_4' title="bbox 274 3143 1634 3884">
    <p class='ocr_par' dir='ltr' id='par_1_4' title="bbox 274 3143 1634 3884">
     <span class='ocr_line' id='line_1_20' title="bbox 274 3143 1527 3238; baseline 0.003 -26"><span class='ocrx_word' id='word_1_153' title='bbox 274 3144 352 3238; x_wconf 86' lang='lat' dir='ltr'><strong>jone</strong></span> <span class='ocrx_word' id='word_1_154' title='bbox 377 3143 485 3212; x_wconf 84' lang='lat' dir='ltr'><strong>Seiten</strong></span> <span class='ocrx_word' id='word_1_155' title='bbox 510 3143 777 3224; x_wconf 82' lang='lat' dir='ltr'><strong>zusammenhatt,</strong></span> <span class='ocrx_word' id='word_1_156' title='bbox 801 3145 868 3217; x_wconf 89' lang='lat' dir='ltr'><strong>und</strong></span> <span class='ocrx_word' id='word_1_157' title='bbox 894 3143 946 3216; x_wconf 88' lang='lat' dir='ltr'><strong>die</strong></span> <span class='ocrx_word' id='word_1_158' title='bbox 969 3145 1182 3216; x_wconf 88' lang='lat' dir='ltr'><strong>auseinaoder</strong></span> <span class='ocrx_word' id='word_1_159' title='bbox 1207 3146 1416 3236; x_wconf 80' lang='lat' dir='ltr'><strong>geworlenen</strong></span> <span class='ocrx_word' id='word_1_160' title='bbox 1440 3147 1527 3218; x_wconf 87' lang='lat' dir='ltr'><strong>Glie·</strong></span> 
     </span>
     <span class='ocr_line' id='line_1_21' title="bbox 277 3275 1526 3356; baseline 0.001 -9"><span class='ocrx_word' id='word_1_161' title='bbox 277 3277 337 3347; x_wconf 91' lang='lat' dir='ltr'><strong>der</strong></span> <span class='ocrx_word' id='word_1_162' title='bbox 360 3297 437 3346; x_wconf 87' lang='lat' dir='ltr'><strong>zum</strong></span> <span class='ocrx_word' id='word_1_163' title='bbox 460 3275 568 3345; x_wconf 87' lang='lat' dir='ltr'><strong>Lehen</strong></span> <span class='ocrx_word' id='word_1_164' title='bbox 593 3276 716 3347; x_wconf 83' lang='lat' dir='ltr'><strong>wieder</strong></span> <span class='ocrx_word' id='word_1_165' title='bbox 741 3275 913 3354; x_wconf 81' lang='lat' dir='ltr'><strong>herstellt.</strong></span> <span class='ocrx_word' id='word_1_166' title='bbox 939 3277 1044 3348; x_wconf 87' lang='lat' dir='ltr'><strong>worio</strong></span> <span class='ocrx_word' id='word_1_167' title='bbox 1070 3276 1134 3347; x_wconf 88' lang='lat' dir='ltr'><strong>alle</strong></span> <span class='ocrx_word' id='word_1_168' title='bbox 1158 3276 1262 3347; x_wconf 93' lang='lat' dir='ltr'><strong>durch</strong></span> <span class='ocrx_word' id='word_1_169' title='bbox 1288 3277 1341 3348; x_wconf 92' lang='lat' dir='ltr'><strong>die</strong></span> <span class='ocrx_word' id='word_1_170' title='bbox 1364 3277 1454 3356; x_wconf 85' lang='lat' dir='ltr'><strong>eine.</strong></span> <span class='ocrx_word' id='word_1_171' title='bbox 1479 3280 1526 3350; x_wconf 87' lang='lat' dir='ltr'><strong>sie</strong></span> 
     </span>
     <span class='ocr_line' id='line_1_22' title="bbox 277 3403 1525 3498; baseline -0.001 -21"><span class='ocrx_word' id='word_1_172' title='bbox 277 3403 571 3478; x_wconf 83' lang='lat' dir='ltr'><strong>durchstrdmende</strong></span> <span class='ocrx_word' id='word_1_173' title='bbox 594 3405 666 3476; x_wconf 92' lang='lat' dir='ltr'><strong>ldee</strong></span> <span class='ocrx_word' id='word_1_174' title='bbox 684 3405 837 3498; x_wconf 80' lang='lat' dir='ltr'><strong>gahaiten</strong></span> <span class='ocrx_word' id='word_1_175' title='bbox 859 3406 991 3476; x_wconf 83' lang='lat' dir='ltr'><strong>werden</strong></span> <span class='ocrx_word' id='word_1_176' title='bbox 1012 3407 1078 3475; x_wconf 91' lang='lat' dir='ltr'><strong>und</strong></span> <span class='ocrx_word' id='word_1_177' title='bbox 1098 3405 1162 3476; x_wconf 88' lang='lat' dir='ltr'><strong>allo</strong></span> <span class='ocrx_word' id='word_1_178' title='bbox 1184 3409 1308 3478; x_wconf 81' lang='lat' dir='ltr'><strong>Hdrteo</strong></span> <span class='ocrx_word' id='word_1_179' title='bbox 1333 3431 1372 3477; x_wconf 86' lang='lat' dir='ltr'><strong>zu</strong></span> <span class='ocrx_word' id='word_1_180' title='bbox 1395 3409 1525 3479; x_wconf 80' lang='lat' dir='ltr'><strong>renften</strong></span> 
     </span>
     <span class='ocr_line' id='line_1_23' title="bbox 276 3531 1526 3629; baseline 0.002 -23"><span class='ocrx_word' id='word_1_181' title='bbox 276 3537 549 3628; x_wconf 77' lang='lat' dir='ltr'><strong>Umgrhnzungeo</strong></span> <span class='ocrx_word' id='word_1_182' title='bbox 586 3533 655 3604; x_wconf 89' lang='lat' dir='ltr'><strong>sich</strong></span> <span class='ocrx_word' id='word_1_183' title='bbox 684 3533 843 3628; x_wconf 85' lang='lat' dir='ltr'><strong>gestalten</strong></span> <span class='ocrx_word' id='word_1_184' title='bbox 872 3531 900 3626; x_wconf 82' lang='lat'><strong>⁴)</strong></span> <span class='ocrx_word' id='word_1_185' title='bbox 944 3536 1007 3605; x_wconf 90' lang='lat' dir='ltr'><strong>Hic</strong></span> <span class='ocrx_word' id='word_1_186' title='bbox 1038 3548 1147 3607; x_wconf 88' lang='lat' dir='ltr'><strong>autem</strong></span> <span class='ocrx_word' id='word_1_187' title='bbox 1180 3547 1228 3605; x_wconf 86' lang='lat' dir='ltr'><strong>est</strong></span> <span class='ocrx_word' id='word_1_188' title='bbox 1259 3535 1526 3629; x_wconf 86' lang='lat' dir='ltr'><strong>impedimentum</strong></span> 
     </span>
     <span class='ocr_line' id='line_1_24' title="bbox 280 3660 1634 3767; baseline 0.006 -38"><span class='ocrx_word' id='word_1_189' title='bbox 280 3683 345 3730; x_wconf 91' lang='lat' dir='ltr'><strong>non</strong></span> <span class='ocrx_word' id='word_1_190' title='bbox 371 3661 469 3732; x_wconf 85' lang='lat' dir='ltr'><strong>iacile</strong></span> <span class='ocrx_word' id='word_1_191' title='bbox 494 3672 635 3740; x_wconf 83' lang='lat' dir='ltr'><strong>remoto,</strong></span> <span class='ocrx_word' id='word_1_192' title='bbox 660 3660 752 3733; x_wconf 89' lang='lat' dir='ltr'><strong>hicce</strong></span> <span class='ocrx_word' id='word_1_193' title='bbox 777 3664 920 3734; x_wconf 87' lang='lat' dir='ltr'><strong>occurrit</strong></span> <span class='ocrx_word' id='word_1_194' title='bbox 937 3665 1087 3756; x_wconf 86' lang='lat' dir='ltr'><strong>quaestio</strong></span> <span class='ocrx_word' id='word_1_195' title='bbox 1112 3667 1241 3756; x_wconf 56' lang='lat' dir='ltr'><strong>gravio</strong></span> <span class='ocrx_word' id='word_1_196' title='bbox 1256 3664 1365 3756; x_wconf 88' lang='lat' dir='ltr'><strong>qualis</strong></span> <span class='ocrx_word' id='word_1_197' title='bbox 1388 3675 1527 3758; x_wconf 83' lang='lat' dir='ltr'><strong>quanta·</strong></span> <span class='ocrx_word' id='word_1_198' title='bbox 1633 3735 1634 3767; x_wconf 22' lang='lat' dir='ltr'><strong>p</strong></span> 
     </span>
     <span class='ocr_line' id='line_1_25' title="bbox 276 3773 1634 3884; baseline 0.003 -22"><span class='ocrx_word' id='word_1_199' title='bbox 276 3813 341 3884; x_wconf 83' lang='lat' dir='ltr'><strong>que</strong></span> <span class='ocrx_word' id='word_1_200' title='bbox 366 3811 477 3861; x_wconf 90' lang='lat' dir='ltr'><strong>rerum</strong></span> <span class='ocrx_word' id='word_1_201' title='bbox 503 3793 700 3863; x_wconf 87' lang='lat' dir='ltr'><strong>traditarum</strong></span> <span class='ocrx_word' id='word_1_202' title='bbox 724 3794 849 3865; x_wconf 94' lang='lat' dir='ltr'><strong>comico</strong></span> <span class='ocrx_word' id='word_1_203' title='bbox 872 3795 914 3866; x_wconf 88' lang='lat' dir='ltr'><strong>sit</strong></span> <span class='ocrx_word' id='word_1_204' title='bbox 934 3793 1012 3865; x_wconf 88' lang='lat' dir='ltr'><strong>fides</strong></span> <span class='ocrx_word' id='word_1_205' title='bbox 1028 3781 1195 3867; x_wconf 87' lang='lat' dir='ltr'><strong>hahendo.</strong></span> <span class='ocrx_word' id='word_1_206' title='bbox 1221 3799 1315 3867; x_wconf 88' lang='lat' dir='ltr'><strong>Duae</strong></span> <span class='ocrx_word' id='word_1_207' title='bbox 1340 3797 1427 3868; x_wconf 91' lang='lat' dir='ltr'><strong>enim</strong></span> <span class='ocrx_word' id='word_1_208' title='bbox 1452 3818 1526 3867; x_wconf 93' lang='lat' dir='ltr'><strong>mea</strong></span> <span class='ocrx_word' id='word_1_209' title='bbox 1633 3773 1634 3778; x_wconf 7' lang='grc' dir='ltr'><strong>Ἰ</strong></span> 
     </span>
    </p>
   </div>
   <div class='ocr_carea' id='block_1_5' title="bbox 274 3979 660 3998">
    <p class='ocr_par' dir='ltr' id='par_1_5' title="bbox 274 3979 660 3998">
     <span class='ocr_line' id='line_1_26' title="bbox 274 3979 660 3998; baseline -0.008 -1"><span class='ocrx_word' id='word_1_210' title='bbox 274 3979 660 3998; x_wconf 56' lang='lat' dir='ltr'><strong>m</strong></span> 
     </span>
    </p>
   </div>
   <div class='ocr_carea' id='block_1_6' title="bbox 280 4077 1522 4171">
    <p class='ocr_par' dir='ltr' id='par_1_6' title="bbox 280 4077 1522 4171">
     <span class='ocr_line' id='line_1_27' title="bbox 280 4077 1522 4171; baseline 0.005 -27"><span class='ocrx_word' id='word_1_211' title='bbox 280 4077 316 4170; x_wconf 85' lang='lat'><strong>1)</strong></span> <span class='ocrx_word' id='word_1_212' title='bbox 354 4081 420 4148; x_wconf 86' lang='lat' dir='ltr'><strong>Cic.</strong></span> <span class='ocrx_word' id='word_1_213' title='bbox 447 4081 486 4144; x_wconf 91' lang='lat' dir='ltr'><strong>de</strong></span> <span class='ocrx_word' id='word_1_214' title='bbox 512 4081 601 4151; x_wconf 85' lang='lat' dir='ltr'><strong>Oret.</strong></span> <span class='ocrx_word' id='word_1_215' title='bbox 628 4083 682 4159; x_wconf 88' lang='lat' dir='ltr'><strong>ll,</strong></span> <span class='ocrx_word' id='word_1_216' title='bbox 710 4084 778 4158; x_wconf 98' lang='grc'><strong>12,</strong></span> <span class='ocrx_word' id='word_1_217' title='bbox 806 4083 863 4150; x_wconf 83' lang='lat'><strong>51.</strong></span> <span class='ocrx_word' id='word_1_218' title='bbox 890 4113 938 4132; x_wconf 90' lang='lat'><em>-</em></span> <span class='ocrx_word' id='word_1_219' title='bbox 965 4077 1000 4171; x_wconf 83' lang='grc'><strong>2)</strong></span> <span class='ocrx_word' id='word_1_220' title='bbox 1025 4084 1091 4151; x_wconf 81' lang='lat' dir='ltr'><strong>Cic.</strong></span> <span class='ocrx_word' id='word_1_221' title='bbox 1126 4085 1165 4146; x_wconf 88' lang='lat' dir='ltr'><strong>dc</strong></span> <span class='ocrx_word' id='word_1_222' title='bbox 1196 4083 1285 4147; x_wconf 83' lang='lat' dir='ltr'><strong>Orat.</strong></span> <span class='ocrx_word' id='word_1_223' title='bbox 1313 4084 1366 4156; x_wconf 82' lang='lat'><strong>11,</strong></span> <span class='ocrx_word' id='word_1_224' title='bbox 1394 4085 1441 4162; x_wconf 85' lang='grc'><strong>9,</strong></span> <span class='ocrx_word' id='word_1_225' title='bbox 1469 4084 1522 4151; x_wconf 86' lang='grc'><strong>36.</strong></span> 
     </span>
    </p>
   </div>
   <div class='ocr_carea' id='block_1_7' title="bbox 278 4191 1524 4406">
    <p class='ocr_par' dir='ltr' id='par_1_7' title="bbox 278 4191 1524 4406">
     <span class='ocr_line' id='line_1_28' title="bbox 278 4191 1524 4308; baseline 0.002 -37"><span class='ocrx_word' id='word_1_226' title='bbox 278 4203 315 4298; x_wconf 80' lang='lat'><strong>³)</strong></span> <span class='ocrx_word' id='word_1_227' title='bbox 353 4209 445 4274; x_wconf 85' lang='lat' dir='ltr'><strong>Dion.</strong></span> <span class='ocrx_word' id='word_1_228' title='bbox 479 4207 580 4273; x_wconf 84' lang='lat' dir='ltr'><strong>Halia.</strong></span> <span class='ocrx_word' id='word_1_229' title='bbox 618 4229 670 4273; x_wconf 85' lang='lat' dir='ltr'><strong>ers</strong></span> <span class='ocrx_word' id='word_1_230' title='bbox 703 4209 782 4276; x_wconf 88' lang='lat' dir='ltr'><strong>rhet.</strong></span> <span class='ocrx_word' id='word_1_231' title='bbox 814 4232 844 4294; x_wconf 92' lang='lat' dir='ltr'><strong>p.</strong></span> <span class='ocrx_word' id='word_1_232' title='bbox 873 4213 952 4308; x_wconf 86' lang='grc'><strong>302.</strong></span> <span class='ocrx_word' id='word_1_233' title='bbox 979 4245 1028 4262; x_wconf 92' lang='lat'>-</span> <span class='ocrx_word' id='word_1_234' title='bbox 1053 4209 1091 4299; x_wconf 81' lang='grc'><strong>1)</strong></span> <span class='ocrx_word' id='word_1_235' title='bbox 1118 4191 1341 4292; x_wconf 79' lang='lat' dir='ltr'><strong>Aristophanes</strong></span> <span class='ocrx_word' id='word_1_236' title='bbox 1373 4211 1436 4274; x_wconf 92' lang='lat' dir='ltr'><strong>und</strong></span> <span class='ocrx_word' id='word_1_237' title='bbox 1460 4212 1524 4275; x_wconf 83' lang='lat' dir='ltr'><strong>scin</strong></span> 
     </span>
     <span class='ocr_line' id='line_1_29' title="bbox 351 4318 1408 4406; baseline 0.008 -24"><span class='ocrx_word' id='word_1_238' title='bbox 351 4318 497 4388; x_wconf 83' lang='lat' dir='ltr'><strong>Zeitalter</strong></span> <span class='ocrx_word' id='word_1_239' title='bbox 522 4345 582 4388; x_wconf 82' lang='lat' dir='ltr'><strong>von</strong></span> <span class='ocrx_word' id='word_1_240' title='bbox 608 4325 647 4389; x_wconf 88' lang='lat' dir='ltr'><strong>H.</strong></span> <span class='ocrx_word' id='word_1_241' title='bbox 676 4324 795 4389; x_wconf 86' lang='lat' dir='ltr'><strong>Theod.</strong></span> <span class='ocrx_word' id='word_1_242' title='bbox 822 4325 987 4390; x_wconf 83' lang='lat' dir='ltr'><strong>Riitschor.</strong></span> <span class='ocrx_word' id='word_1_243' title='bbox 1016 4324 1118 4388; x_wconf 90' lang='lat' dir='ltr'><strong>Berlin</strong></span> <span class='ocrx_word' id='word_1_244' title='bbox 1147 4325 1262 4398; x_wconf 85' lang='grc'><strong>1827,</strong></span> <span class='ocrx_word' id='word_1_245' title='bbox 1291 4345 1322 4406; x_wconf 85' lang='lat' dir='ltr'><strong>p.</strong></span> <span class='ocrx_word' id='word_1_246' title='bbox 1353 4327 1408 4392; x_wconf 81' lang='grc'><strong>17.</strong></span> 
     </span>
    </p>
   </div>
   <div class='ocr_carea' id='block_1_8' title="bbox 0 0 1668 4901">
    <p class='ocr_par' dir='ltr' id='par_1_8' title="bbox 0 0 1668 4901">
     <span class='ocr_line' id='line_1_30' title="bbox 0 0 1668 4901; baseline 0 0"><span class='ocrx_word' id='word_1_247' title='bbox 0 0 1668 4901; x_wconf 95' lang='lat' dir='ltr'><strong> </strong></span> 
     </span>
    </p>
   </div>
  </div>
 </body>
</html>
