3326 4906
130 798 266 892 quidem
294 797 419 893 jndicio
450 798 531 869 onas
560 808 647 870 cerlo
679 800 859 870 discernere
890 799 1044 870 dehemus
1074 819 1190 873 causas
1219 823 1239 872 a
1264 799 1384 874 Cleone

131 931 311 1016 institutes,
337 930 480 1024 priorem
505 918 671 1038 ὕβρεως
695 942 728 1002 et
752 929 877 1016 sertor
903 942 977 1023 post
1001 933 1221 1027 Babylonios,
1247 933 1385 1006 alteram

131 1081 213 1130 vero
238 1072 308 1153 post
339 1062 486 1156 Equites.
515 1062 725 1155 Quamquam
757 1059 929 1131 scholiasta
960 1061 1103 1134 seeundo
1126 1084 1227 1156 supra
1250 1062 1384 1134 laorleto

130 1189 206 1262 loeo
230 1191 308 1264 dieit
337 1195 482 1285 priorem
514 1191 703 1266 Callistrato
733 1193 892 1266 intentam
922 1215 1015 1273 esse,
1041 1203 1149 1264 temen
1175 1195 1282 1267 ausim
1305 1218 1384 1266 eon-

130 1324 264 1394 tendess
289 1347 363 1397 eom
392 1325 470 1395 falsa
498 1303 701 1402 retulisse'et
718 1324 870 1397 oriminis
892 1326 1021 1397 sosium
1047 1343 1123 1397 oum
1147 1337 1283 1398 anctore
1308 1350 1385 1421 pss-

130 1464 275 1527 mntasse
298 1453 340 1550 ¹).
366 1457 473 1528 Justis
495 1457 584 1526 enim
609 1459 808 1549 argumentis
833 1457 920 1528 nisus
938 1454 999 1539 his.
1023 1458 1104 1551 quid
1130 1442 1307 1540 commodi,
1331 1461 1385 1528 in·

116 1591 261 1675 „tessogo
286 1581 376 1665 Vos,
402 1579 530 1664 Cleon,
556 1583 583 1652 si
607 1583 856 1668 Callistratum,
880 1585 937 1677 qni
963 1583 1070 1655 nullas
1093 1586 1278 1658 comoedias
1301 1587 1385 1658 sesi·

127 1711 220 1782 hsret
243 1722 276 1782 st
296 1695 419 1784 alienae
443 1712 682 1789 tantummodo.
708 1725 745 1783 nt
769 1710 1149 1824 πρωταγωνιστής,
1174 1714 1322 1800 donaret,
1349 1717 1382 1788 in

123 1842 288 1938 judicium
314 1854 517 1938 protractum
548 1842 668 1914 moleto
700 1843 879 1928 all‘eoissst,
904 1845 957 1917 vel
982 1848 1080 1916 etiam
1107 1845 1236 1919 fabulas
1266 1847 1383 1920 docere

128 1973 371 2068 prohibuisset,
402 1975 462 2045 sihi
495 1973 573 2044 hine
602 1984 834 2046 consecuturus
864 1983 974 2059 essem
1005 1999 1110 2048 nonne
1144 1979 1382 2074 Aristophanes

126 2106 190 2178 sihi
215 2105 317 2176 alium
342 2099 703 2215 πρωταγωνιστήν
727 2104 918 2178 inventurus
942 2103 997 2178 vel
1022 2105 1090 2199 ipse
1116 2106 1303 2198 proditurus
1327 2131 1383 2180 es-

126 2234 400 2309 seli-Deinde
426 2237 492 2308 Vos
517 2235 624 2308 denno
647 2235 722 2308 solo
746 2256 815 2308 esse
840 2245 980 2329 rogares,
1005 2247 1118 2308 utrum
1143 2237 1382 2332 Aristophaneo

127 2377 297 2460 pateretur
328 2365 474 2461 trepidus
503 2365 729 2438 Callistratum
761 2387 821 2460 pro
844 2387 880 2438 se
905 2387 1042 2458 poenam
1072 2364 1186 2450 luere,
1211 2389 1256 2438 an
1281 2367 1384 2440 Calli·

125 2507 250 2572 stratus
262 2499 443 2570 molestiam
455 2506 489 2571 et
500 2498 682 2592 perieulum
706 2497 866 2571 sustinens
883 2519 943 2590 pro
962 2493 1174 2592 Aristophane
1199 2499 1269 2592 ipss
1290 2497 1384 2593 judi·

126 2632 218 2705 oihus
240 2632 496 2706 satisfactionem
520 2641 720 2726 praestaret,
755 2631 968 2724 sequentique
998 2651 1082 2702 anno
1112 2628 1232 2704 iterum
1256 2652 1318 2725 pro
1340 2653 1381 2703 so

129 2763 276 2840 lahulam
299 2764 426 2858 agendo
450 2763 629 2858 perieulum
654 2761 786 2836 subiret.
815 2761 906 2832 Haeo
930 2759 1003 2870 fieri
1024 2782 1088 2831 non
1108 2781 1199 2854 posse
1223 2770 1317 2854 poto.
1334 2797 1378 2818 ··

127 2895 213 2967 Cum
238 2893 299 2966 hao
323 2884 490 2996 ὕβρεως
514 2894 722 2965 accusatione
746 2892 920 2987 coniuncta
937 2898 984 2963 est
999 2891 1067 2962 alie
1090 2887 1255 2985 ξενίαςἺ
1279 2909 1383 3000 γρα-

128 3021 197 3123 φή,
220 3047 288 3120 qua
308 3021 543 3118 Aristophanes
566 3024 729 3094 sitatissx
743 3023 881 3093 Homeri
904 3021 1050 3117 Odyssea
1075 3017 1229 3118 (suffiti)
1255 3023 1381 3097 rerhisa

130 3225 279 3331 Μήτηρ
303 3230 384 3328 μέν
408 3216 528 3328 τ’ἕμέ
553 3235 658 3326 φησι
682 3220 773 3300 sori
796 3220 997 3327 ἔμμεναι.
1022 3209 1163 3353 arirdp
1185 3218 1319 3332 ἔγωγε

128 3333 219 3418 Osis
243 3320 339 3418 οἷδ’·
362 3329 421 3416 ori
443 3339 527 3452 γάρ
553 3334 622 3416 πώ
645 3359 714 3428 τις
738 3335 804 3415 ἑόν
826 3337 949 3448 γόνον
972 3322 1107 3423 αὐτὸς
1130 3340 1298 3449 ανέγνω.
1384 3457 1390 3468 ι

125 3534 336 3632 ajndieihus
366 3533 532 3608 ahsolutus
562 3547 624 3608 est.
655 3535 738 3608 Cum
763 3531 993 3628 Aristophanis
1023 3532 1109 3607 sitas
1132 3534 1271 3625 scriptor
1295 3525 1380 3602 lrano

131 3741 166 3834 l)
203 3743 335 3810 Nonnisi
373 3743 433 3808 hoo
468 3763 560 3807 onom
593 3741 787 3808 scholiastam
818 3762 858 3808 ex
888 3749 978 3826 parte
1014 3739 1176 3811 defendit.
1208 3738 1235 3801 si
1261 3738 1379 3822 sopitas

201 3857 411 3924 Callistratum
442 3857 549 3922 Cleoui
583 3866 775 3941 praetextum
806 3857 872 3920 litis
904 3855 1107 3939 praebuisse,
1141 3862 1379 3918 revertentem

201 3971 346 4036 Cleonem
372 3970 611 4054 Aristophanem
641 3974 765 4056 spisse,
797 3969 940 4033 similiter
964 3975 1057 4050 atque
1081 3964 1248 4032 hesehines
1279 3967 1382 4032 Ctesi·

203 4085 349 4168 phonteor
378 4083 589 4146 Demosthenis
613 4101 704 4147 oense
730 4080 933 4146 assumserit.

130 4228 167 4324 ἢ)
207 4234 273 4297 Nisi
287 4253 411 4298 censeas
428 4231 509 4296 heus
536 4250 660 4298 oausam
679 4251 745 4296 esse
770 4229 875 4295 hetam
888 4248 905 4295 s
918 4229 1157 4294 commutatione
1170 4247 1240 4290 oum
1267 4218 1399 4326 trois

204 4345 324 4427 ξένων
347 4341 609 4449 uapore-tous.
