3326 4906
663 523 882 594 ...3,

143 761 300 834 sententia
323 741 466 832 existunt
490 781 628 841 caueae,
659 760 779 854 quibus
803 762 872 857 ejus
896 760 977 834 fides
1001 764 1188 840 debilitetur
1218 775 1317 862 atque
1342 767 1396 840 lri·

142 892 268 964 storicd
293 889 349 962 liat
381 890 529 962 inferior.
552 891 682 973 Prior,
707 893 793 987 quod
819 917 838 964 e
862 893 948 966 nono
972 895 1106 969 consilio
1130 919 1165 970 se
1186 901 1320 994 opponit
1344 901 1396 973 ri·

141 1023 199 1095 tiis
231 1033 302 1097 tum
332 1023 580 1117 praesentibus,
611 1034 709 1119 atque
742 1025 880 1106 omnia,
910 1049 998 1120 quae
1030 1032 1215 1124 vituperat.
1249 1041 1284 1104 ut
1308 1033 1394 1104 mala

146 1157 257 1230 lutura
294 1165 450 1234 avertat,
477 1179 555 1227 vcra
587 1156 727 1250 fictaque
765 1159 977 1234 commiscens
1007 1161 1113 1233 reddit
1148 1163 1315 1245 ridiculas
1347 1165 1397 1235 al·

142 1298 241 1370 tera,
265 1289 352 1381 quod
378 1297 471 1381 potita
495 1287 606 1361 divino
631 1291 749 1383 spiritu
781 1290 912 1363 iullatue
936 1315 989 1363 res
1015 1291 1171 1365 humanas
1194 1293 1394 1387 supervolat.

143 1437 222 1488 oam
246 1413 442 1525 φανερὸν,
466 1420 576 1511 iuquit
607 1418 821 1501 Aristoteles.
852 1407 929 1495 rire
954 1407 1012 1494 ori
1035 1417 1091 1494 ro*
1114 1417 1172 1494 aa*
1195 1417 1393 1530 γενόμενα

141 1543 298 1657 λέγειν,
322 1545 466 1622 roris-o
490 1548 682 1643 morosos}
705 1543 829 1659 ἔργον
857 1521 979 1625 ida-iu·
1000 1533 1164 1626 α’λλόἷα
1188 1535 1236 1624 ἂν
1258 1557 1395 1662 γένοι-

141 1701 197 1751 το
222 1676 288 1752 καὶ
312 1675 368 1752 πὶ
393 1666 563 1756 durare?
591 1677 696 1754 sarci
722 1677 778 1754 τὸ
805 1676 912 1768 εἰκός
936 1664 961 1774 ἦ
986 1679 1043 1757 τό
1067 1669 1287 1792 ἀναγκαῖον
1314 1683 1354 1781 ¹).

237 1811 414 1882 Obrussam
440 1811 537 1905 hujus
560 1815 748 1902 argumenti
768 1835 809 1883 ex
830 1813 1060 1908 Aristophanis
1080 1815 1235 1886 undecim
1259 1837 1393 1889 comoe-

140 1939 223 2018 uiis.
248 1961 334 2033 quae
360 1946 449 2011 uuoc
472 1941 618 2032 integrae
642 1952 794 2024 exstant,
821 1941 905 2036 elegi
933 1941 1015 2014 milri
1046 1943 1299 2030 Acharneusce,
1323 1969 1391 2042 qua

74 2039 85 2054 „
139 2073 173 2140 io
201 2070 335 2154 tabula,
361 2069 436 2140 tidei
461 2069 612 2152 ratione,
637 2073 842 2164 quaestiones
865 2075 1035 2148 instituam
1060 2076 1189 2149 criticus
1213 2077 1254 2146 dc
1280 2100 1393 2180 perso·

139 2201 215 2286 uis,
242 2202 413 2281 moribus,
438 2202 644 2298 narratisque
676 2203 786 2280 rebus
816 2206 903 2277 Nam
928 2206 1014 2279 haud
1047 2208 1186 2288 dubito.
1211 2210 1289 2304 quin
1315 2233 1391 2304 per·

137 2333 266 2430 spectis'
285 2357 496 2426 personarum
532 2336 662 2418 indole.
696 2338 848 2431 temporis
878 2339 1008 2434 iugenio
1037 2351 1186 2435 statuque
1221 2343 1391 2415 recondito

138 2465 389 2561 cooperculum
412 2466 568 2540 afferatur
593 2469 856 2564 supplementum
881 2471 1112 2566 auxiliumque
1131 2449 1304 2548 literarum
1322 2471 1390 2546 lris·

136 2605 239 2676 toriee
262 2613 296 2674 ct
320 2625 429 2675 rerum
451 2603 641 2695 cognitioni.

234 2733 469 2817 Praemium,
494 2733 611 2818 liceat,
636 2734 687 2806 illi
712 2747 901 2828 argumento
925 2737 1007 2808 duas
1031 2737 1391 2838 quaestiones-alte·

138 2887 210 2934 ram
237 2865 276 2932 dc
300 2857 462 2946 auctore‚'
478 2863 614 2935 alterum
640 2863 678 2934 de
702 2876 848 2956 tempore
864 2903 904 2918 -
920 2888 983 2936 nou
1007 2863 1215 2936 solummodo
1240 2885 1388 2936 necessa·

138 2997 204 3065 ries
230 2992 327 3065 tutius
355 2989 488 3063 tabulae
513 3015 633 3062 nexum
658 2992 886 3076 intellecturis,
913 2995 1149 3086 sedquoniam
1174 3014 1234 3064 cae
1258 3015 1388 3088 quoque

137 3128 177 3199 ud
201 3126 340 3197 eundem
367 3125 489 3206 tinem,
513 3146 611 3217 quem
636 3123 716 3195 milri
742 3123 917 3216 proposui,
942 3123 1016 3195 fidei
1042 3145 1172 3196 causam
1196 3135 1356 3217 spectant.

235 3255 325 3326 Haec
350 3255 376 3325 si
402 3275 532 3324 merum
558 3253 718 3333 censetis,
745 3276 765 3324 a
791 3253 893 3325 vonis
916 3275 1035 3347 quaero
1061 3263 1094 3324 rt
1118 3265 1218 3347 peto,
1242 3251 1388 3327 llluetree

137 3384 289 3464 ludices,
321 3393 356 3452 ut
388 3405 485 3454 aures
521 3383 604 3456 detis
642 3386 797 3478 benignas
834 3387 917 3457 meis
947 3384 1242 3458 elucubrationibus
1272 3397 1305 3455 ct
1338 3387 1386 3456 rei

137 3515 249 3586 Vestra
275 3514 447 3586 severitate
471 3513 599 3604 dignae,
625 3537 683 3584 uec
704 3515 814 3599 Vobis,
839 3514 1113 3609 quemadmodum
1138 3517 1299 3610 suspicor,
1325 3538 1386 3586 un·
1465 3551 1466 3554 ¹

136 3671 236 3744 quam
264 3651 424 3742 ingratae.

637 3875 870 3904 ..ὠκον-

137 4316 171 4408 1)
197 4321 255 4384 Are
280 4322 369 4384 noer.
396 4323 430 4387 9.
