3326 4906
637 574 665 670 .-
769 543 1007 616 -ne-

266 783 430 856 lummodo
455 745 586 877 propter
610 777 776 850 tumorem
801 792 834 848 et
859 779 1031 872 strepitum
1058 775 1235 848 verborum
1261 775 1390 858 riserat,
1419 765 1525 868 meg-

265 937 307 986 uo
333 916 455 986 honore
479 910 689 1006 dignabatur.

364 1048 501 1139 Saepius
525 1054 659 1120 eutem.
685 1053 722 1116 ut
747 1051 955 1119 monstraret.
980 1051 1141 1134 quantum
1169 1037 1285 1130 tragici
1312 1045 1423 1129 po'e'tne
1448 1038 1524 1109 dis·

244 1177 387 1273 'ciplinn
414 1179 574 1273 majorum
599 1176 801 1253 desciverint.
829 1177 931 1267 tangit
954 1177 1074 1247 Noster
1099 1171 1289 1264 Euripidem
1305 1169 1346 1264 ¹),
1373 1171 1404 1242 id
1429 1171 1520 1264 quod

267 1310 364 1382 lrodie
389 1333 450 1380 non
475 1311 694 1404 spernendum
718 1309 871 1390 uidetur.
896 1307 1051 1401 quonium
1076 1328 1139 1376 une
1165 1329 1207 1374 ex
1232 1313 1325 1398 parte
1351 1305 1522 1395 cognosci-

268 1441 396 1538 Μ’),
422 1447 590 1516 Oeneum.
619 1443 830 1525 Phoenicem,
858 1439 1163 1532 Bellerophontem.
1191 1441 1262 1518 loo,
1289 1437 1524 1520 Philoctetam..
1628 1509 1629 1528 p

265 1573 440 1672 Telephum
452 1589 486 1645 et
497 1575 672 1668 Thyestem
686 1573 714 1664 ³)
743 1558 871 1645 lohul‘ee
895 1571 1061 1664 Euripidis
1087 1573 1197 1642 doctae
1214 1593 1282 1641 enee
1295 1580 1371 1640 nnte
1390 1569 1522 1640 Acher-

267 1730 394 1787 neneee‚
420 1716 516 1798 atque
540 1716 738 1796 argumento
762 1701 913 1776 habuie'so
941 1704 1055 1775 hernes
1079 1703 1226 1780 claudos.
1254 1703 1428 1782 mendicos.
1453 1703 1522 1772 mi·

147 1911 152 1924 Δ
269 1843 488 1934 serrimosque
513 1839 651 1914 conditis
677 1839 792 1932 pannio
817 1826 1192 1926 amietoe⁴),-eltcrn
1217 1860 1258 1906 ex
1273 1848 1363 1930 pnrte
1389 1836 1519 1907 nonnisi

236 2043 239 2052 ,
268 1999 310 2046 ex
336 1973 392 2046 ttln
415 1971 573 2066 explicari
604 1979 738 2065 possunt
771 1971 881 2042 Nostri
913 1965 1036 2052 rerba,
1068 1969 1288 2064 quibuscum
1316 1969 1447 2040 imitans
1474 1967 1523 2038 ri-

322 2237 572 2339 ·Αἰσχύλου
597 2243 690 2317 rori
713 2241 952 2352 competenti,
976 2229 1204 2335 Ἀθηναῖος,
1229 2235 1429 2351 τραγικός
1454 2239 1522 2314 καὶ

261 2392 266 2408 ·
343 2346 487 2450 αὐτός’
521 2349 582 2444 ὃς
620 2355 685 2430 καὶ
721 2363 817 2442 τοῖς
846 2346 1079 2450 Αἰσχύλου
1117 2353 1207 2430 coni
1238 2350 1426 2460 πατρὸς,
1451 2336 1520 2439 οἷς

343 2471 473 2572 μήπω
503 2448 550 2562 ἦν
582 2458 913 2570 ἐπιδειξάμενος.
945 2467 1137 2579 τετράκις
1162 2464 1339 2562 ἐνίκησεν·
1369 2466 1392 2544 ἔ
1405 2478 1523 2578 'pape

344 2573 392 2654 de*
417 2581 481 2656 >rai
506 2578 646 2656 οἰκεῖα.
761 2638 763 2642 -

275 2733 311 2828 l)
350 2738 396 2802 Ne
420 2737 510 2801 nimis
535 2754 667 2820 onager,
695 2739 790 2802 verbo
816 2737 907 2802 modo
933 2738 1048 2802 edunto
1075 2739 1222 2802 Nostrum
1249 2761 1278 2804 v.
1305 2738 1375 2802 ¹278
1398 2749 1428 2804 et
1449 2739 1519 2803 489

345 2853 528 2938 Euripidem
553 2853 780 2936 perstringere,
806 2851 893 2937 eujus
919 2864 1016 2918 meter
1041 2855 1125 2917 olere
1152 2862 1183 2918 et
1208 2855 1381 2917 mendicem
1408 2855 1524 2919 voude-
1628 2847 1629 2876 ¹

345 2979 416 3041 ret,
441 2967 473 3028 id
499 2966 582 3048 quod
609 2966 675 3028 eine
700 2967 796 3028 dubio
828 2986 939 3048 magno
965 2977 1033 3031 erat
1063 2969 1218 3032 dedecori.
1243 2997 1291 3016 -
1318 2967 1355 3056 2)
1382 2967 1521 3037 Acheru.

345 3103 377 3145 v.
392 3079 462 3142 418
481 3114 521 3128 -
538 3078 620 3144 tet.
633 3114 682 3130 -
698 3073 731 3165 3)
759 3078 861 3144 Schol.
875 3073 957 3148 reio
976 3073 1204 3170 &meccedem
1215 3064 1366 3183 ῥακώνι
1389 3067 1525 3150 Ἤτοι

346 3187 403 3264 πὶ
428 3191 512 3264 rete
536 3185 749 3290 Κρηᾶσών,
774 3180 806 3280 η’
829 3177 980 3262 αὐτοῦ
1003 3191 1094 3264 rori
1116 3191 1333 3267 Ovr'ocov.
1360 3197 1421 3262 Eo.
1436 3192 1526 3263 Mill·

344 3311 452 3384 lenus,
477 3305 689 3382 wolckerus,
722 3309 905 3392 Hertuogue
930 3329 966 3371 nc
992 3311 1121 3375 Bothiue
1153 3312 1310 3396 Thyesten
1342 3301 1524 3377 et'Gressns

211 3429 214 3444 ¹
346 3438 439 3487 unum
464 3421 651 3501 eandemque
675 3421 808 3483 lebulem
839 3442 906 3484 osse
931 3433 1064 3505 putent.
1092 3426 1146 3488 eod
1172 3437 1256 3490 recte
1280 3429 1320 3490 iis
1347 3427 1523 3509 refragatus

345 3545 392 3602 eet
417 3534 499 3599 God.
537 3535 754 3606 Hermaeum,
794 3537 847 3618 qui
879 3545 1039 3622 utromque
1075 3541 1210 3605 lehnlnm
1248 3542 1403 3606 diversam
1427 3541 1524 3606 tuisne

343 3661 516 3726 monstram
548 3649 614 3734 ejus
640 3651 812 3714 rationibus
838 3651 967 3716 maxime
993 3654 1109 3719 favent.
1129 3662 1235 3718 nostor
1260 3655 1357 3724 schol.
1388 3665 1419 3720 et
1445 3655 1524 3720 Sto·

265 3837 271 3856 .
345 3765 417 3827 bari
448 3765 529 3848 frpg.
556 3765 587 3826 in
611 3763 780 3845 Florilegio
813 3765 882 3836 92,
912 3769 933 3829 3
966 3776 996 3830 et
1022 3765 1086 3843 92,
1115 3767 1149 3833 5.
1178 3801 1221 3816 -
1249 3764 1287 3859 lt)
1314 3769 1442 3850 Telephi
1469 3769 1522 3832 di·

347 3879 493 3952 douretin,
518 3901 617 3960 nuper
636 3899 654 3943 n
674 3880 839 3944 Dindorlin
864 3895 1026 3965 promptu,
1054 3892 1197 3962 testetur,
1222 3903 1288 3947 eam
1313 3884 1446 3947 lehulnm
1471 3883 1525 3954 Ol.

267 3983 271 3992 ’
348 3991 419 4065 85.
448 3993 469 4054 2
496 4012 562 4054 esee
593 4005 715 4072 notem,
747 3997 937 4080 reliquorum
975 4017 1051 4061 vero
1083 3999 1207 4080 illorum
1238 3999 1410 4064 dramatum
1436 3999 1523 4073 enni,

345 4109 460 4192 quihus
484 4109 573 4172 docte
598 4109 680 4182 siut,
705 4122 736 4173 et
756 4122 946 4196 argumente,
973 4113 1063 4176 nobis
1088 4115 1246 4190 obscura,
1270 4113 1329 4177 hee
1354 4117 1422 4198 ipse
1448 4114 1524 4176 Ari·

301 4226 320 4232 ”
347 4223 508 4307 stephanie
544 4224 798 4290 commentatione
835 4226 1042 4310 explicentur.
1078 4226 1138 4290 Vd.
1165 4227 1243 4294 Eur.
1275 4228 1358 4312 lrgg.
1390 4227 1440 4294 ed.
1467 4225 1523 4293 Er.
1622 4289 1625 4296 .

349 4337 385 4402 G.
413 4335 568 4418 Wagner.
