3326 4906
641 576 860 642 ...7.-

126 823 221 890 tem.
254 811 285 884 id
318 813 405 905 quod
437 815 559 906 optime
598 833 729 905 quoque
762 811 862 904 priori
887 811 927 880 de
953 811 1082 903 privato
1112 808 1241 882 lahulae
1273 829 1373 900 argu·

126 955 237 1012 monto
262 944 467 1035 disputationi
500 945 662 1036 congruit.
696 941 839 1012 Eandem
863 943 906 1012 oh
931 965 1061 1013 causam
1095 963 1158 1012 non
1184 951 1315 1011 transeo
1338 943 1373 1011 in

126 1073 256 1143 Ernesti
282 1075 398 1146 struve
413 1072 438 1167 ¹)
463 1076 669 1156 sententiam,
694 1072 751 1166 qui
775 1071 869 1144 lectis
892 1071 1024 1144 scholiis
1047 1071 1087 1142 ad
1105 1071 1251 1144 Nubium
1275 1092 1374 1164 snpra

124 1205 263 1277 citatum
294 1204 401 1278 locum
435 1206 510 1277 53¹*
538 1213 669 1291 «παῖς
699 1191 882 1313 d'a‘rs'pu:
914 1193 1147 1298 Φιλωνίδης
1173 1202 1239 1277 καί
1263 1197 1374 1276 Καλ-

124 1330 364 1447 λίστρατος.
393 1333 479 1411 ἐπεὶ
504 1325 562 1410 οὐ
580 1326 627 1410 di
646 1333 815 1411 ἑαυτοῦ
841 1326 1003 1448 e'dlduda
1022 1333 1127 1424 retia
1147 1329 1371 1421 Δαιταλεῐς.

126 1470 300 1568 πρῶτον
331 1461 480 1542 aurosi
509 1458 668 1578 δρᾶμα.
683 1457 1004 1561 -ἃηλονότιὸ
1041 1458 1278 1560 Φιλωνίδης
1308 1465 1375 1540 καὶ

124 1595 474 1704 Καλλίστρατος,
500 1601 543 1675 οἱ
571 1592 748 1709 ὕστερον
776 1600 990 1708 γενόμενοι
1019 1593 1254 1703 ὑποκριταὶ
1285 1595 1376 1672 roni

124 1721 484 1840 Ἀριστοφάνους»
511 1757 700 1830 persuasum
719 1735 832 1816 habet,
859 1731 1033 1806 amborum
1051 1757 1148 1827 opera
1168 1733 1311 1824 primam
1325 1732 1375 1804 la·

126 1866 236 1936 hulam
261 1868 293 1935 in
318 1889 451 1938 scenam
485 1868 668 1957 prodiisse.
701 1865 926 1944 Philonidam‚
959 1865 1116 1935 fullonem
1148 1865 1275 1935 seilicet
1306 1866 1375 1935 sive

125 1997 284 2089 pictorem
309 1990 679 2102 πολυπράγμονα,
705 2017 761 2066 suu
787 2005 898 2087 sponte
922 1994 1225 2066 sihi'Callistratum
1249 1998 1374 2068 socium

125 2128 326 2206 adscivisse,
351 2127 525 2220 impetrata
554 2137 663 2199 autam
689 2128 732 2197 ah
756 2127 910 2198 archonte
936 2129 1030 2201 venia
1056 2130 1091 2199 in
1117 2126 1298 2200 didascaliis
1321 2150 1376 2200 so·

125 2260 290 2330 lemnibus
302 2268 336 2329 st
349 2259 529 2330 Philonidis
548 2271 580 2330 et
597 2232 773 2334 Callistrati
798 2281 912 2329 nomen
939 2260 1042 2329 eidem
1069 2260 1198 2331 lahulaa
1222 2283 1291 2332 esse
1315 2261 1376 2332 ad·

125 2393 287 2485 scriptum
314 2403 346 2462 at
372 2414 482 2464 earum
510 2392 644 2486 uestigia
675 2390 880 2464 scholiastam
905 2391 946 2462 ad
973 2392 1058 2463 Nub.
1088 2391 1152 2462 531
1183 2413 1251 2462 asse
1282 2401 1383 2463 secu·‘

126 2533 207 2594 tum.
234 2522 396 2616 Equidem
423 2533 537 2593 contra
563 2545 680 2594 moneo
706 2520 788 2592 hanc
813 2523 1128 2614 argumentationem
1147 2533 1296 2616 exparte
1322 2545 1390 2616 ref

125 2659 275 2746 pugnare
301 2655 401 2745 priori
429 2664 555 2724 nostrae
580 2653 774 2732 sententiae,
802 2675 861 2723 neo
888 2651 956 2725 ullo
980 2661 1081 2745 paeto
1101 2655 1275 2726 convenire
1300 2677 1376 2726 aum

124 2789 269 2859 civitatis
299 2785 546 2858 Atheniensium
578 2787 754 2869 institutis,
786 2810 844 2856 neo
877 2784 1019 2878 denique
1051 2783 1240 2891 scholiastae
1276 2788 1376 2859 verba

125 2917 306 3011 quidquam
329 2897 490 2988 commodi
521 2920 554 2987 in
586 2917 648 2988 hae
672 2941 709 2988 ro
734 2915 859 2988 afferre.
894 2919 980 2988 Nam
1014 2894 1196 2988 Philonides
1219 2931 1253 2988 et
1276 2919 1377 2989 Calli-

125 3057 252 3124 stratus
281 3047 378 3119 ambo
408 3047 475 3118 illic
506 3056 581 3119 eunt
616 3048 752 3142 scripti.
778 3069 866 3133 non,
899 3057 938 3119 ut
970 3050 1203 3130 parisienses,
1233 3051 1289 3122 sed
1315 3075 1374 3146 po·

126 3181 218 3262 tius.
244 3189 281 3252 ut
306 3183 436 3266 «παῐς
460 3163 679 3283 d'a‘re'pao.
704 3199 789 3272 quae
822 3178 921 3250 verba
946 3181 986 3250 E.
1011 3181 1130 3252 struve
1156 3179 1178 3248 l.
1203 3179 1227 3249 l.
1251 3184 1372 3265 omisit.

125 3311 220 3382 nohis
244 3309 375 3384 uberius
399 3309 575 3404 explicent.
601 3312 755 3382 Ceterum
781 3309 1003 3399 eutemheud
1020 3311 1118 3384 dubie
1143 3311 1225 3384 mihi
1250 3314 1320 3406 ejus
1344 3329 1376 3392 at

126 3441 282 3515 Meineleii
306 3443 465 3514 sententia
489 3440 613 3536 placuit
638 3441 741 3524 haee,
766 3443 1014 3535 Aristophanem
1040 3467 1103 3515 non
1131 3432 1207 3517 daci
1236 3441 1379 3520 Φιλω·’

127 3561 280 3652 sidon,
306 3582 345 3644 ut
369 3571 544 3644 didascalia
573 3571 729 3653 exhibet,
760 3571 886 3666 Vespes
916 3572 1086 3656 docuisse,
1111 3575 1168 3646 sed
1194 3597 1251 3668 per
1275 3577 1377 3648 Calli·

126 3717 291 3786 stratum
315 3726 392 3776 nam
415 3703 470 3776 illa
495 3704 697 3798 grammatici
721 3703 826 3776 uerha
849 3715 937 3786 sunl,
960 3705 1098 3800 opinor,
1121 3714 1293 3798 corrupta,
1320 3730 1377 3782 noo

126 3859 256 3908 sensum
280 3836 417 3907 haberet
442 3837 668 3931 probandum,
693 3836 897 3908 Philonidam
921 3838 1036 3908 eodem
1063 3833 1114 3906 die
1140 3837 1221 3909 duas
1246 3839 1378 3915 fabulas

128 3966 274 4038 aemulas
304 3966 472 4050 docuisse,
506 3991 564 4039 neo
595 3975 788 4060 congrueret
814 3967 876 4038 hoe
899 3988 975 4038 eum
1008 3967 1111 4060 priori
1142 3969 1377 4047 distributionis

126 4097 321 4168 testimonio.
346 4096 492 4167 Tandem
515 4098 543 4169 si
569 4098 650 4168 mihi
675 4098 870 4169 concesseris
894 4098 982 4171 Aves
1005 4110 1039 4171 et
1063 4100 1276 4199 Lysistratarn
1301 4104 1378 4176 Cel·

131 4255 166 4346 l)
204 4260 363 4322 Exonrsus
389 4260 428 4322 de
452 4259 617 4321 Philonide
642 4265 673 4321 et
698 4257 878 4323 Callistrato
902 4259 934 4321 iu
960 4258 1176 4324 dissertatione
1202 4261 1241 4324 de
1266 4259 1376 4344 Eupo·

201 4354 273 4418 lidis
299 4355 483 4420 Marioante.
508 4355 609 4418 Kiliue
637 4353 741 4417 1841.
