3326 4906
744 545 990 618 «uu-hd„

239 805 367 883 passe
381 785 492 860 terant
507 805 713 880 somnae
735 783 843 856 obiter
865 784 1077 878 breviterque
1102 785 1309 877 perstrictae.
1335 805 1414 862 nans
1437 797 1497 862 nt·

239 921 371 1014 rasqhs,
396 925 564 1013 postquam
582 927 697 1000 auctor
715 917 828 1011 paneis
853 915 1079 989 tantummodo
1093 917 1202 989 verbis
1219 917 1398 1006 adnotavit,
1425 941 1493 992 non

240 1053 340 1142 enoda
372 1072 436 1122 non
461 1051 650 1133 mutilavit.
687 1051 744 1124 sed
775 1049 883 1144 potins
905 1073 927 1122 a
953 1049 1040 1128 talso
1070 1047 1277 1137 abhorrens,
1309 1063 1348 1126 nt
1371 1051 1493 1128 melias

237 1183 495 1276 intelligeretur,
521 1183 772 1256 verisimillimas
803 1185 899 1256 nohis
929 1181 1087 1268 traditio.
1113 1181 1183 1254 imo
1202 1182 1345 1276 jocando
1368 1183 1493 1257 docuit.

264 1363 267 1372 λ
338 1314 403 1384 Hie
428 1337 501 1384 men
521 1314 555 1384 in
570 1314 788 1408 disputatione
813 1313 960 1407 quamvis
984 1311 1157 1384 subshore
1179 1313 1313 1406 pomini,
1335 1312 1494 1406 qnoniam

238 1445 691 1542 st.porsonasetresaffntim
706 1445 966 1518 meresenrentia
991 1443 1156 1538 explicui,
1183 1442 1286 1514 nihtto
1310 1443 1415 1518 nnus
1439 1451 1493 1514 ta-

240 1601 315 1652 mon
340 1578 423 1650 mihi
460 1601 626 1672 superesse
663 1577 856 1670 putaverim
883 1595 1018 1650 oausam
1056 1577 1319 1672 pertractatum.
1343 1574 1491 1670 eliquata

238 1711 425 1792 comoediae
460 1710 820 1804 partem-parabasin,
845 1709 888 1780 ad
912 1731 1016 1804 qnam
1040 1711 1142 1782 etiarn
1164 1688 1309 1782 animans
1340 1716 1491 1788 nostrum

238 1843 405 1933 advertere
436 1863 553 1936 operas
583 1843 660 1914 orit.
696 1843 733 1912 ln
757 1863 796 1913 en
824 1851 922 1934 poeta
950 1865 1150 1938 quamquam
1177 1844 1313 1938 jannae.
1343 1840 1490 1914 toruior

237 1983 348 2046 tannen
372 1996 415 2046 ex
437 1973 550 2046 animo
571 1994 634 2044 aro
657 1995 736 2045 earn
762 1972 880 2068 popolo
903 1973 1111 2068 colloquitur,
1135 1973 1202 2049 illio
1225 1973 1317 2046 enirn
1342 1979 1492 2050 antnmat

237 2126 272 2180 so
297 2103 479 2178 multorom
503 2126 616 2176 rerum
641 2079 804 2176 honarum
828 2127 897 2178 esse
915 2112 1116 2208 *auctorem
1142 2125 1206 2198 qna
1230 2125 1329 2197 opera
1351 2101 1394 2179 sit
1419 2100 1489 2172 ino·

238 2244 333 2319 tum,
357 2243 396 2306 ut
419 2233 634 2308 Athenienses
670 2257 776 2330 nequo
808 2234 913 2306 nimio
938 2235 1010 2328 plns
1033 2233 1260 2308 adulatoribus
1289 2231 1490 2304 delectaren-

236 2377 317 2453 tur,
341 2387 402 2438 nse
428 2367 562 2438 remisse
594 2366 832 2459 rempublicam
863 2366 1138 2438 administrarent.
1176 2367 1265 2436 Tum
1294 2357 1422 2436 eivihns
1443 2359 1490 2434 li·

238 2498 320 2572 tiam
344 2496 521 2590 eupiditate
545 2497 722 2592 ohprohata
739 2547 747 2580 ‚
762 2519 898 2592 suaque
923 2498 1053 2591 gioria,
1082 2517 1171 2592 qnae
1195 2498 1262 2572 late
1286 2495 1487 2580 differretur.

236 2627 312 2701 satis
335 2628 575 2710 commendata,
599 2613 758 2721 eoepitde
773 2627 936 2699 machinis
960 2627 1080 2700 odiosis
1105 2630 1139 2699 in
1163 2650 1198 2699 se
1221 2627 1365 2704 structis,
1388 2627 1489 2719 qnip-

237 2783 279 2858 pe
304 2759 361 2856 qni
385 2758 467 2830 hone
492 2781 568 2833 enm
599 2759 702 2854 patria
731 2759 879 2842 iaceret,
909 2757 1032 2854 optimo
1052 2761 1127 2855 jors
1150 2759 1256 2855 queri.
1289 2759 1326 2828 In
1350 2757 1488 2829 unirer-

236 2915 308 2972 tum
333 2891 394 2966 hae
419 2894 452 2964 in
478 2887 663 2966 comoediae
687 2901 781 2986 parte
807 2903 923 2966 nostor
946 2891 1057 2964 minos
1081 2893 1189 2974 ridet,
1213 2891 1405 2983 nullumque
1429 2911 1489 2960 en·

234 3021 389 3098 ohinnom
416 3035 537 3105 moret.
562 3025 616 3096 sed
641 3024 809 3096 invehitur
835 3025 1056 3120 potinsjosto
1082 3025 1193 3099 surore
1217 3024 1356 3119 injustos
1379 3021 1414 3091 in
1438 3021 1486 3093 oi·

236 3177 318 3234 ves.
342 3155 604 3252 muraneum,
627 3155 774 3250 sejocis
796 3155 868 3226 sois
897 3153 995 3226 irasci
1021 3153 1150 3240 velint,
1175 3154 1305 3249 longius
1340 3152 1508 3230 defendit*
1653 3200 1659 3216 ,

234 3293 268 3360 st
291 3284 373 3360 hono
396 3287 442 3358 oh
463 3309 600 3362 sarnam
638 3287 770 3361 videtnr
800 3287 884 3358 mihi
915 3286 1155 3381 Aristophanes
1185 3288 1218 3358 in
1243 3285 1391 3381 panhnsi
1421 3305 1486 3356 non

234 3422 347 3486 tantae
372 3415 507 3487 virtntis
529 3417 687 3509 pastione,
710 3425 855 3510 quantae
879 3413 1085 3511 eloquentiae
1106 3427 1220 3489 orator
1243 3416 1330 3490 eires
1352 3415 1394 3487 ad
1418 3434 1487 3489 κα·

232 3541 308 3626 hdo
333 3531 520 3656 κάγαθόν
549 3545 761 3618 adhortando.
798 3548 893 3618 Haeo
918 3547 988 3619 tere
1012 3554 1112 3633 sunt.
1134 3570 1220 3643 qaas
1245 3569 1300 3622 mo
1329 3545 1485 3642 parnhnsi

235 3701 387 3776 nagnam
411 3702 489 3778 pras
511 3679 587 3756 aliis
612 3676 707 3752 fidem
732 3677 854 3752 hahere
878 3692 1116 3756 commoveant.

758 3887 983 3912 m

332 4061 431 4136 Nono
456 4059 587 4144 demam
611 4064 653 4136 nd
680 4074 799 4137 metam
826 4073 1047 4144 recorrentes.
1070 4061 1258 4158 quaedam,
1282 4066 1321 4129 ut
1344 4056 1385 4127 de
1409 4052 1484 4141 hdo,

235 4213 320 4286 qnae
344 4201 457 4270 nostro
481 4201 598 4288 postas
616 4193 659 4270 sit
679 4193 839 4280 hahendo.
863 4209 991 4270 raetorn
1012 4196 1209 4290 justamque
1228 4185 1391 4284 indicium
1415 4185 1487 4258 olo·

233 4343 391 4418 quamur,
416 4325 452 4397 in
470 4325 665 4402 memoriam
690 4326 780 4403 nohis
804 4329 1037 4406 rsroeahimoa
1063 4323 1160 4402 othei
1184 4339 1343 4400 neronon
1367 4325 1485 4414 potest.
