3326 4906
637 1241 901 1312 PROOEMIUM.

243 1567 400 1664 Dionysio
425 1577 588 1663 tyranno,
619 1569 676 1661 qui
708 1577 842 1660 cuperat
872 1567 1125 1640 Atheniensium
1159 1568 1394 1663 rempublicam

145 1723 355 1796 cognoscere,
380 1703 468 1773 misit
495 1699 587 1771 Plato
610 1700 836 1794 Aristophanis
860 1701 1067 1782 comoedias,
1092 1701 1286 1790 admonens,
1313 1705 1395 1776 hene

145 1835 309 1928 cognitam
333 1833 520 1905 habiturum
547 1853 616 1905 esse
640 1854 758 1902 eorum
785 1834 964 1912 civitatem,
988 1834 1046 1924 qni
1067 1833 1154 1904 iliius
1173 1834 1318 1906 dramata
1343 1838 1395 1906 in·

147 1966 308 2058 teiiigsrct
332 1963 373 2058 ¹).
400 1967 495 2056 Ego,
519 1985 716 2056 quocunque
742 1973 880 2033 numeru
903 1985 996 2045 sum,
1020 1985 1097 2034 cum
1123 1964 1156 2034 in
1183 1968 1269 2036 votis
1293 1967 1396 2040 hahe-

147 2118 217 2166 rem
256 2097 354 2166 vitam
393 2094 531 2164 atticam
569 2093 772 2188 perspicere.
803 2091 1059 2186 Aristophanem
1090 2105 1122 2164 et
1154 2096 1293 2188 quidem¹
1326 2099 1396 2192 ejus

146 2229 369 2302 Acharnensse
393 2226 613 2322 pervolutavi.
646 2226 734 2298 Nam
758 2247 823 2294 nun
850 2247 942 2308 raro,
969 2226 1077 2316 potins
1100 2229 1131 2296 in
1156 2249 1286 2320 queque
1318 2228 1397 2299 doc·

148 2359 257 2440 trina,
283 2380 369 2451 quae
393 2369 469 2430 suut
494 2355 642 2434 historia,
670 2354 901 2448 antiquitates,
925 2353 1099 2426 literatura
1126 2365 1158 2424 et
1184 2354 1395 2449 philosophia,

147 2495 325 2558 occurrunt
349 2507 402 2556 res
432 2485 567 2555 haustas
598 2507 640 2554 ex
666 2484 748 2560 ilio.
772 2482 904 2576 ejusque
929 2483 1154 2554 auctoritatem
1185 2506 1262 2577 prae
1286 2509 1321 2556 se
1347 2487 1398 2556 ie·

146 2627 261 2690 rentes.
293 2619 363 2688 huo
397 2617 470 2688 inus
494 2617 554 2688 iste
578 2627 626 2686 est
649 2616 856 2693 uberrimus.
881 2638 923 2690 cx
946 2638 1012 2708 quo
1043 2615 1134 2689 nohis
1163 2617 1396 2710 quaerentibus

148 2755 282 2818 manant
307 2745 473 2840 permulta
504 2742 756 2822 memorabilia.
779 2766 817 2814 ae
844 2743 1102 2837 supplementum
1125 2759 1173 2818 est
1197 2769 1300 2841 neque
1324 2750 1397 2820 exi·

149 2899 255 2968 gnum
279 2898 383 2968 neque
408 2875 642 2967 spernendum,
666 2875 755 2968 quud
781 2874 873 2946 nohis
891 2876 1030 2968 explicat
1053 2897 1154 2968 quum
1175 2877 1302 2969 judicia
1328 2887 1397 2950 tum

149 3005 309 3088 comitia,
334 3017 405 3076 tam
428 3025 482 3077 res
505 3012 640 3098 gestas,
671 3025 775 3097 quam
802 3003 960 3097 privates,
984 3013 1019 3076 et
1043 3005 1131 3077 viros
1154 3015 1188 3076 st
1212 3015 1339 3099 tempus
1362 3019 1397 3080 et

147 3160 265 3210 meres.

246 3269 368 3338 Nostra
392 3290 471 3346 raro
496 3274 610 3340 aetas.
642 3288 727 3359 quan
753 3263 916 3358 prioribus
940 3275 990 3336 est
1014 3264 1118 3338 multo
1148 3269 1321 3362 superior.
1346 3281 1399 3342 nt·

147 3421 211 3493 que
237 3399 278 3468 ad
305 3399 481 3490 digniorem
505 3397 657 3468 scientiae
680 3397 817 3488 gradum
849 3396 1022 3489 adspiret,
1047 3419 1111 3468 nou
1143 3400 1321 3492 acquiescit
1346 3401 1399 3472 hi-

147 3530 273 3611 storin,
296 3528 405 3620 qualis
427 3538 499 3598 erut
523 3527 701 3598 maximam
729 3537 852 3619 partem
875 3527 1007 3621 antiqua
1030 3527 1199 3600 annalium
1223 3531 1397 3609 confectio.

148 3681 252 3753 quum
278 3657 454 3728 memorias
480 3655 628 3749 publicas
654 3656 843 3728 retinendae
867 3680 969 3730 causa
994 3681 1045 3728 res
1062 3680 1172 3730 omues
1195 3659 1398 3750 singulorum

131 3812 311 3891 ,annerum
337 3789 532 3862 mandabant
558 3787 678 3865 literis.
704 3791 760 3883 qui
785 3791 856 3862 sine
881 3789 961 3860 ullis
983 3789 1179 3858 ornamentis
1203 3810 1398 3864 monumen·

149 3931 184 3992 tn
215 3919 321 3992 solnm
359 3931 564 4013 temporum.
600 3920 799 4005 hominnm,
837 3921 982 3991 locorum
1017 3932 1247 4012 gestarumque
1284 3944 1395 3996 rerum
1516 4023 1518 4025 -

146 4093 535 4112 m

153 4193 188 4288 1)
225 4191 300 4263 Vita
325 4194 422 4260 Arist.
448 4192 602 4279 Anonymi
629 4183 728 4258 «cai
752 4175 1090 4281 συμβουλεῦσαι
1114 4167 1396 4286 dimittant

223 4287 373 4376 αὐτοῦ
397 4287 631 4394 demonstra
656 4284 975 4398 musitatione
1001 4291 1077 4386 τήν
1104 4288 1319 4368 πολιτείαν
1330 4320 1359 4364 e.

1169 4427 1185 4494 i
