3326 4906
770 567 1015 642 ..ao-

265 795 429 870 nieneihus
453 806 535 868 emet
561 793 866 879 circumvallatum.
891 796 995 892 ipsum
1019 795 1062 868 ah
1086 795 1291 891 eruptionem
1319 795 1516 898 incientibus

264 929 395 1001 fortiter
419 938 618 1022 pugnantem
644 949 712 1000 esse
738 928 883 1000 occisum
908 923 1357 1024 ¹).1pseAristophnues²)
1383 927 1415 999 ei
1440 941 1515 1023 post

261 1065 388 1138 ohitum
413 1063 566 1136 meritam
592 1063 718 1136 laudem
744 1062 897 1136 attribuit
920 1063 1038 1158 optimi
1069 1062 1184 1147 ducis.
1214 1063 1272 1157 qui
1303 1085 1347 1134 ex
1377 1063 1512 1134 Homeri

255 1192 436 1286 disciplina
455 1193 657 1287 processere
682 1202 782 1288 atque
806 1192 868 1265 hac
894 1192 1019 1264 ratione
1044 1191 1128 1264 mihi
1153 1192 1283 1266 uidetur
1308 1192 1350 1262 nd
1375 1213 1513 1286 prouer-

258 1321 351 1397 hium
381 1324 451 1438 cde
476 1326 618 1397 mortuis
641 1325 769 1398 nonnisi
795 1324 908 1398 henco
939 1325 1079 1398 altorem
1100 1323 1262 1398 addidisse
1285 1333 1415 1420 partem
1439 1323 1510 1396 ode

158 1445 166 1456 '
260 1452 343 1526 uiris
367 1453 491 1526 nonnisi
516 1452 604 1526 male
618 1481 647 1524 o.

355 1586 474 1670 Alter,
498 1589 556 1682 qui
582 1588 617 1658 in
643 1608 774 1659 scenam
800 1588 928 1682 prodit.
955 1596 1006 1660 est
1035 1589 1185 1662 Theorur
1209 1587 1258 1685 Ἲς
1284 1588 1326 1660 ad
1351 1585 1518 1660 Sitalcom.

255 1714 418 1791 Thracum
445 1740 559 1810 regem
582 1718 724 1813 legatos,
751 1731 821 1793 tum
845 1718 991 1794 Athenas
1016 1720 1137 1804 redux,
1157 1721 1193 1794 in
1211 1721 1368 1793 concione
1391 1721 1506 1804 rciert,

256 1871 376 1950 regem
392 1861 457 1952 tam
482 1873 637 1946 magnum
661 1875 729 1924 esse
753 1851 1006 1925 Atheniensium
1030 1854 1189 1938 amicum,
1214 1862 1252 1925 ut
1277 1853 1376 1924 etiam
1399 1853 1505 1948 iopa-

255 1979 392 2054 rietihus
413 1979 614 2074 inscripserit
640 1966 882 2074 «Ἀθηναῖοι
905 1972 1054 2056 καλοί»
1080 1981 1215 2077 ejusque
1239 1991 1398 2075 gnatum,
1421 1982 1506 2056 ciri·

254 2125 323 2186 tate
347 2114 533 2198 donatum,
556 2134 631 2188 com
661 2111 756 2186 uelde
780 2123 913 2209 cuperet
942 2113 1072 2187 isicium
1095 2137 1139 2186 ex
1161 2115 1331 2210 Apaturiis
1353 2115 1503 2188 comede·

253 2272 315 2331 re,
339 2257 494 2344 patrem,
520 2255 557 2320 ut
581 2245 657 2318 urhi
685 2257 911 2333 succurreret.
942 2247 1110 2332 oravisse,
1140 2270 1208 2343 quo
1234 2249 1323 2319 facto
1347 2245 1438 2320 iilum
1462 2247 1503 2320 hi·

251 2383 386 2452 hautcm
413 2381 563 2476 jurasse.
587 2403 621 2452 se
645 2402 722 2454 cum
755 2388 846 2452 tanto
876 2379 1026 2454 exercitu
1051 2403 1147 2476 opem
1172 2378 1317 2453 loturum
1346 2403 1436 2466 esse,
1464 2391 1501 2452 ut

251 2513 469 2587 Athenienses
493 2513 637 2586 dicerent
663 2497 794 2587 «ὅσον
820 2512 877 2588 τό
901 2511 988 2621 χρη·
988 2533 1050 2614 μα
1074 2509 1296 2623 παρνόπων
1326 2514 1500 2622 προςέρ-

249 2664 403 2740 >rorate
434 2641 548 2714 deinde
579 2643 708 2737 prodire
735 2643 831 2736 jubet
854 2643 1055 2715 Odomantes
1085 2643 1212 2714 ailiatos
1237 2639 1293 2738 ⁴),
1324 2644 1499 2738 quisnam

247 2777 373 2871 copiam
398 2773 649 2846 Atheniensibus
673 2774 798 2848 duobus
822 2771 984 2846 drachmis
1008 2775 1040 2844 io
1064 2772 1211 2866 singulas
1235 2773 1304 2847 dies
1329 2771 1500 2867 praebitu-

246 2911 278 2983 ri
301 2910 378 2982 sint.
409 2907 446 2980 ln
470 2906 542 2980 aliis
573 2906 693 2980 inhuiis
717 2903 743 2998 ‘J
775 2905 866 2980 idem
897 2905 1128 3001 perstringitur
1159 2927 1289 2998 rapax,
1315 2903 1496 2998 improbus.

196 3031 200 3034 ⁵
245 3041 395 3114 adulator
420 3052 454 3112 ot
479 3037 659 3122 moechus3
690 3039 748 3112 sed
779 3039 865 3111 unde
902 3038 1007 3110 fuerit
1038 3037 1093 3109 hio
1124 3037 1295 3121 Theorns,
1322 3035 1496 3106 enucleare

242 3185 314 3247 arte
344 3197 410 3246 non
442 3195 581 3268 possum.
619 3170 821 3269 Thucydides
846 3170 868 3261 ⁸)
900 3171 1071 3244 enimvero
1100 3167 1297 3266 legationem
1322 3178 1356 3239 et
1381 3167 1495 3240 foedus

241 3307 329 3378 inter
354 3301 565 3377 Athenienses
577 3313 611 3375 et
624 3302 775 3374 Sitalcem
799 3301 1002 3400 Odrysarum
1028 3323 1138 3394 regem
1163 3301 1402 3396 compositum,
1430 3299 1493 3370 Sa·
1642 3295 1643 3306 ’

241 3435 425 3530 documque
457 3430 562 3506 filium
594 3432 732 3504 civitate
763 3433 921 3505 donotum
950 3433 1046 3505 initio
1070 3432 1146 3504 helii
1171 3437 1429 3511 commemorat.
1453 3441 1490 3501 at

238 3569 406 3642 Theorum
439 3588 505 3640 non
538 3563 711 3659 legatum,
745 3563 799 3635 sed
826 3553 1129 3674 Νυμφόδωρον
1154 3567 1257 3648 dicit,
1289 3563 1490 3638 Odomantes
1642 3605 1643 3666 3

239 3725 320 3777 uero
343 3703 462 3775 liberos
492 3711 592 3796 atque
624 3719 685 3774 suo
709 3698 784 3794 jure
808 3708 955 3784 htootosr
979 3709 1091 3774 narrat
1114 3698 1247 3797 quidem
1277 3697 1403 3793 legatos
1427 3695 1490 3769 ite·

240 3906 276 4000 a)
316 3909 459 3994 reuera.
490 3911 572 3981 ure.
604 3913 658 3978 or.
690 3909 729 3976 n.
756 3909 828 3987 ιν,
856 3909 902 3973 rs
927 3917 958 3974 et
983 3909 1024 3976 n.
1052 3907 1117 3987 vr,
1144 3909 1224 3974 101.
1249 3941 1300 3959 -
1326 3899 1362 3994 e)
1386 3905 1486 3972 trist.

311 4025 431 4120 Ranae.
463 4043 495 4089 ν.
524 4023 627 4095 1039.
650 4056 702 4079 ··-
728 4019 765 4119 3)
791 4045 822 4093 ν.
851 4022 930 4090 138.
954 4054 1004 4074 ·-
1030 4021 1066 4108 d)
1090 4021 1195 4088 Schol.
1221 4022 1289 4088 166
1322 4011 1487 4126 ἕσκορο·

311 4121 524 4233 διόμενοι.
551 4135 642 4201 hiliis
668 4139 759 4221 galli,
787 4147 823 4206 ut
847 4138 983 4204 atrocius
1007 4138 1090 4204 inter
1113 4155 1149 4204 se
1174 4143 1373 4220 pugnarent.
1401 4135 1487 4200 exci-

306 4252 466 4320 tenuntur.
480 4283 528 4303 —
543 4246 581 4348 h)
605 4250 725 4337 Vesper
752 4251 832 4336 1³45
858 4251 941 4324 Noh.
966 4273 998 4324 v·
1020 4247 1198 4322 42-51.
1216 4279 1257 4306 -ι
1274 4243 1313 4344 h)
1339 4246 1486 4336 Thucyd.

306 4367 363 4445 11,
389 4365 459 4446 29,
487 4365 689 4435 95-101.
