3326 4906
507 666 511 673 Α
644 592 889 664 ...217-

238 821 373 920 'l'ertia‚
397 857 496 934 ανον]
520 835 640 910 Noster
665 825 696 904 in
722 857 855 906 scenam
881 831 1016 913 detulit,
1042 829 1220 904 seeundum
1244 827 1393 899 ordinem

139 961 192 1042 est
217 970 465 1048 Acharnenses3
489 959 764 1058 Βαβυλώνιοι
788 964 813 1054 ¹)
841 985 913 1035 earn
939 961 1117 1058 praeeedit,
1142 963 1287 1056 sequitur
1314 985 1393 1034 nero

138 1088 297 1194 Ἱππῆς
326 1095 368 1197 ’).
401 1103 518 1193 ltaque
556 1099 704 1172 maxime
731 1096 858 1175 miror.
889 1117 959 1164 rem
988 1076 1088 1188 quarn
1125 1091 1396 1186 simplicissimam

140 1249 210 1304 tam
234 1234 371 1306 contuse
396 1245 680 1304 esseenarratam
707 1253 723 1298 a
750 1231 836 1300 vitae
861 1236 992 1297 auctore
1006 1278 1021 1304 ,,
1040 1229 1161 1318 quippe
1186 1227 1243 1316 qui
1270 1225 1396 1294 referat

140 1365 390 1458 Aristophanem
415 1361 579 1455 scripsisse
612 1360 720 1446 τούς
742 1351 922 1444 Ἱππέας
947 1358 979 1426 in
1004 1354 1183 1434 Cleonem,
1214 1379 1315 1449 quem
1342 1379 1400 1424 au·
1430 1402 1432 1407 -

140 1495 303 1579 cusaverit
329 1493 513 1576 violentias,
543 1495 721 1589 tyrannidis
747 1503 778 1560 et
806 1491 898 1564 furti.
924 1502 1061 1559 etcum
1088 1511 1182 1557 nemo
1206 1511 1276 1558 eam
1302 1487 1400 1558 dore·

141 1645 180 1694 re
212 1631 310 1698 ausus
334 1633 441 1706 esset,
473 1610 531 1696 ele’
563 1621 732 1698 ἑαυτοῦ
757 1612 783 1695 ὁ
807 1609 1100 1730 Ἀριστοφάνης
1130 1609 1397 1724 ὑπεκρίνατο,

142 1746 296 1830 αὐτοῦ
319 1755 376 1830 τό
401 1755 627 1862 πρόσωπον
654 1751 798 1856 μίλτῳ
823 1751 990 1860 χρίσας,
1017 1751 1081 1823 καὶ
1106 1747 1246 1838 αἴτιος
1270 1741 1398 1855 αὐτῷ

147 1892 293 1996 γέγονε
324 1886 471 1986 Ζημίας
502 1891 629 1962 πέντε
654 1880 892 1966 ταλάντων,
919 1873 959 1953 oi*
983 1874 1076 1956 ὐπό
1102 1879 1187 1954 ταῖν
1212 1873 1396 1958 Ἱππέων

146 2007 447 2111 κατεδικάσθη.
471 2002 527 2103 ὥς
551 2027 672 2114 φησιν
699 2011 739 2087 ἐν
763 2003 1021 2124 Ἀχαρνεῦσιν
1049 2015 1095 2108 (v.
1126 2016 1162 2104 δ)

244 2207 435 2327 ε’γοξέέῷ
460 2199 495 2322 ᾧ
520 2238 567 2328 γε
592 2217 648 2292 τό
675 2221 772 2324 κέαρ
796 2203 1038 2314 ηὐφράνθην
1062 2205 1181 2300 ideis,

245 2337 344 2420 τοῖς
369 2335 493 2408 πέντε
517 2324 769 2414 ταλάντοις,
795 2311 861 2416 οἷς
886 2307 1023 2406 Κλέων
1050 2325 1245 2431 ἐξήμεσεν.

143 2535 260 2609 Nonne
284 2532 401 2606 exirrde
430 2534 500 2604 iore
532 2533 683 2608 videtur.
711 2540 746 2606 ut
771 2533 868 2605 Cleon
894 2533 937 2604 ob
961 2535 1095 2627 Equites
1124 2533 1272 2628 quinque
1296 2533 1401 2606 talen·

147 2669 192 2743 tie
222 2690 344 2762 poenas
376 2667 495 2740 luerit‘l
529 2667 708 2738 ste-snt
741 2690 816 2739 curn
849 2691 901 2741 res
932 2669 979 2740 sie
1004 2691 1040 2742 se
1066 2691 1130 2741 non
1165 2669 1306 2751 haheat.
1331 2672 1402 2744 dis·

147 2823 323 2892 oerpurnus
347 2801 440 2871 illum
471 2801 576 2891 locum
602 2801 633 2868 in
662 2811 793 2889 partes.
820 2823 857 2868 ae
882 2809 1066 2871 statuamus
1091 2800 1120 2891 ³)
1147 2802 1300 2871 Cleonem
1325 2824 1402 2895 poe·

42 3004 51 3018 ,
145 2953 228 3040 nam
255 2929 378 3000 dedisse
403 2930 445 2999 ob
470 2929 682 3024 Babylonios.
708 2952 773 3022 qna
800 2929 1030 3024 Aristophanes
1057 2919 1300 3034 ἐκωμῴέησε
1325 2933 1403 3018 τοὶς

148 3085 197 3139 τε
228 3057 440 3172 κληρωτάς
473 3057 537 3134 καὶ
567 3045 868 3166 χειροτονηταέ
896 3051 1030 3171 αρχας
1063 3064 1129 3136 καὶ
1162 3057 1328 3140 Κλέωνα
1356 3063 1400 3163 ⁴).
1434 3085 1438 3092 ·

149 3204 251 3290 atque
276 3197 426 3290 quinquo
452 3194 583 3266 talentis
608 3195 795 3268 damnatum
818 3217 885 3268 esee
917 3187 1010 3270 ὑπὸ
1034 3196 1118 3269 τῶν
1143 3193 1333 3284 ἱππέων,
1358 3201 1401 3272 ab

149 3327 347 3420 Equitium,
387 3349 501 3399 causae
532 3326 721 3422 judicibus,
758 3345 861 3422 neque
899 3329 941 3400 ob
978 3330 1137 3424 Equites,
1175 3331 1403 3428 Aristophanis

151 3454 312 3528 fabulam.

249 3587 386 3660 Sextum
412 3587 489 3660 ltelli
513 3590 776 3684 Peloponnesiaci
803 3616 925 3666 annum
953 3595 1070 3678 luisse,
1096 3619 1163 3688 quo
1189 3592 1282 3688 poeta
1307 3597 1405 3670 labu-

150 3716 389 3804 lamdoouerit,
415 3721 540 3794 affatim
565 3720 654 3795 clare
676 3725 903 3816 manifestatur
917 3727 1100 3798 versu266
1126 3719 1267 3834 «ἕκτῳ
1281 3715 1404 3806 σ’ἔτει

152 3855 386 3952 προσεῖπον
408 3831 451 3939 1ἐς
475 3842 553 3929 τόν
579 3844 637 3949 dei
637 3878 719 3957 μον
752 3851 880 3933 itudo
909 3849 1119 3957 α’σμενοςν
1145 3869 1177 3930 et
1204 3885 1298 3936 versu
1330 3863 1403 3937 890

147 3985 548 4005 m

34 4043 40 4054 ’
155 4052 191 4144 1)
230 4056 365 4122 Acharn.
389 4079 416 4123 v.
431 4061 500 4155 ι377
528 4069 557 4121 et
578 4059 743 4125 Schols-
759 4061 871 4126 Suidss
897 4083 926 4128 s.
951 4085 980 4128 ν.
1009 4059 1170 4150 Σαμίων
1197 4055 1223 4136 ot
1248 4052 1402 4160 δῆμος.

154 4169 192 4260 2)
231 4170 269 4234 V.
296 4190 416 4252 argum.
450 4173 557 4254 Equtt.
589 4182 619 4235 el
646 4173 809 4255 Aristoph.
842 4175 923 4258 Eqrt.
957 4200 987 4241 ν.
1015 4171 1085 4242 793
1111 4171 1210 4262 ἔτος
1240 4165 1404 4282 ὄγδοον

227 4284 353 4348 calculis
378 4307 396 4346 a
425 4309 527 4369 pugna
554 4291 591 4350 nd
618 4289 796 4352 Potidaeam
824 4283 867 4378 (a.
895 4289 979 4380 432)
1006 4295 1177 4358 subductis.

100 4472 104 4477 ῃ
158 4391 193 4488 3)
232 4396 339 4475 Bode,
368 4401 478 4465 Geseh.
503 4404 533 4465 d.
561 4403 616 4467 Dr.
645 4405 683 4467 D.
713 4425 744 4487 p.
773 4405 965 4493 230.-t)
994 4405 1096 4470 Schol.
1123 4409 1170 4471 ad.
1196 4430 1226 4472 r.
1255 4403 1337 4476 stt.

1175 4536 1197 4605 3
