3326 4906
604 641 967 794 .nansnm

702 971 904 1002 —a-ofi-u

780 1193 806 1262 1.

263 1326 540 1418 ΔῦΙιεοιηιάνετοιιε
564 1322 831 1418 Aristophanem,
859 1323 1049 1418 neutiquam
1073 1323 1231 1398 adversus
1254 1325 1422 1398 Callistra-

26 1487 28 1500 ·
172 1464 243 1525 tum
267 1453 340 1526 lites
365 1452 515 1525 intendit.

772 1587 814 1657 li.

205 1804 208 1812 ¹
272 1727 321 1794 Ex
348 1719 571 1817 Aristophanis
595 1721 774 1793 comoediis
797 1718 939 1814 legendis
965 1722 1115 1802 iaeiiius.
1140 1743 1241 1817 qnam
1267 1745 1285 1793 s
1310 1743 1423 1794 rernm

20 1825 22 1886 i
173 1866 342 1946 gestarum
367 1853 577 1946 scriptoribus
604 1851 658 1922 vel
683 1852 881 1937 oratoribus,
908 1851 1119 1945 antiqnitates
1143 1874 1276 1944 graecas
1300 1852 1424 1924 discere

17 2033 18 2078 p
174 1989 261 2058 iicet.
316 2057 321 2067 ,

770 2113 824 2186 ΙΙΙ.

273 2248 501 2343 Aristophanis
525 2269 681 2343 personas
712 2247 860 2342 singulos
884 2245 1018 2341 quidem
1043 2257 1150 2320 certos
1181 2247 1326 2320 homines
1351 2270 1425 2341 pro·

176 2382 282 2466 dunt,
306 2383 360 2453 sed
387 2383 555 2454 universas
579 2381 707 2476 generis
732 2379 867 2452 humani
892 2379 1017 2452 indoles
1042 2387 1297 2471 repraesentant.

638 2551 640 2554 .
767 2512 824 2585 pp,
946 2545 951 2560 .

274 2639 320 2719 ‘0
345 2643 562 2747 Κοισύρας
601 2645 676 2737 (Ar.
700 2642 786 2712 Ach.
813 2643 900 2736 ms)
939 2639 1250 2714 Alcmaeonidarum
1287 2640 1426 2727 nulium,

176 2776 230 2847 sed
252 2775 408 2868 juvenem
431 2775 591 2868 qnondam
615 2771 825 2846 luxuriosum
848 2783 1121 2867 arrogantemque
1144 2770 1317 2866 significat.

777 2907 818 2977 V.

273 3038 468 3136 Thucydidis
507 3037 665 3113 historiae
704 3038 809 3112 trihus
846 3038 983 3113 dirersis
1020 3036 1224 3134 temporibus
1253 3049 1329 3112 sunt
1353 3060 1429 3134 per·

176 3172 327 3268 scriptae.

326 3277 331 3281 ’
773 3301 828 3372 vr.

276 3432 410 3504 Homeri
437 3433 548 3503 iliadis
573 3455 687 3536 versus
712 3433 749 3504 B.
778 3433 866 3504 657:

155 3586 163 3598 ¹
278 3559 434 3655 «Στῆσε
448 3541 617 3669 δὀἴγων,
635 3548 687 3634 ἵν’
712 3551 935 3653 Ἀθηναίων
944 3553 1125 3638 torsere
1145 3556 1427 3671 φάλαγγες»-

182 3713 201 3760 a
227 3689 343 3762 Solone
369 3688 421 3764 rei
446 3691 616 3762 Pisistrato
639 3700 689 3764 est
714 3691 868 3765 insertus.

766 3825 837 3895 VII.

278 3949 624 4038 Niebuhrisenteutia,
647 3953 849 4028 decemviros
873 3955 973 4028 lectos
997 3977 1080 4041 esse,
1105 3955 1163 4052 qui
1184 3955 1328 4051 perpetui
1354 3979 1433 4029 eon·

113 4153 115 4158 .
180 4079 287 4159 sulum
298 4092 331 4158 et
345 4083 550 4158 tribunorum
562 4083 668 4158 iurum
693 4096 903 4179 occuparent,
929 4088 1020 4161 nullo
1043 4098 1140 4184 paeto
1164 4087 1296 4183 probari
1316 4096 1432 4183 potest.
