3326 4906
755 547 1000 639 4284.

256 806 532 907 Cephirndemum
557 803 586 900 ¹)
612 813 644 878 et
667 799 845 878 Euathlum
869 771 900 898 Ἰ)
925 799 1163 880 adolescentes.
1190 800 1263 872 lites
1288 801 1511 896 persequendo

255 945 429 1041 perdidisse
454 962 573 1027 senes,
597 939 655 1034 qui
680 942 779 1012 fortes
802 963 837 1012 se
862 961 922 1031 pro
946 937 1109 1031 republica
1136 937 1169 1006 in
1195 956 1314 1028 eampo
1338 935 1509 1007 lllaratho·

256 1087 312 1158 nio
336 1084 589 1180 praestiterant,
616 1105 657 1152 an
679 1081 804 1176 justum
834 1090 884 1149 est
907 1073 1131 1170 Thucydidem
1158 1072 1212 1167 ³),
1237 1082 1312 1144 tune
1344 1082 1507 1144 senectute

256 1216 453 1296 incurvum.
484 1237 553 1284 esse
579 1237 597 1282 a
623 1210 860 1304 Cephisodemo
891 1207 1063 1302 sagittaria
1086 1215 1267 1289 uexatum,
1298 1203 1358 1298 qui
1382 1205 1508 1298 integer

255 1347 369 1418 aetatis
393 1344 564 1416 clamando
587 1335 833 1438 sagittariorum
858 1343 922 1412 tria
948 1337 1056 1411 millia
1080 1344 1280 1428 superasset,
1305 1336 1432 1426 sagittis
1457 1335 1508 1428 ip-

254 1477 320 1550 sius
358 1486 510 1570 paternos
547 1484 701 1570 cognatos
736 1473 920 1543 confixisset
952 1481 985 1540 et
1016 1467 1168 1540 luctando
1205 1466 1360 1539 Euathlus
1390 1466 1506 1538 decem
1642 1513 1643 1518 κ

255 1608 446 1704 dejecisset?
471 1607 567 1678 Haud
593 1605 711 1677 melius
737 1605 799 1676 sibi
822 1603 981 1698 judicium
995 1601 1081 1693 apud
1096 1601 1248 1670 Nostrum
1270 1593 1409 1692 ¹parabat
1435 1601 1508 1694 Hy-

257 1738 410 1831 perholus
436 1734 465 1830 ⁴)
492 1738 624 1830 litigans
650 1735 706 1831 (ν.ι
726 1735 813 1830 816)
840 1744 874 1804 et
899 1729 1085 1804 Alcibiades
1108 1728 1135 1827 ⁶)
1163 1735 1206 1821 (v.
1231 1728 1319 1823 716)
1345 1716 1504 1837 εὐρύπ-

254 1887 415 1990 ρωκτος
441 1863 507 1940 καὶ
530 1859 681 1950 λάλος,
707 1854 774 1959 χώ
798 1856 1008 1937 Κλεινίου.
1047 1915 1049 1919 .

258 2003 293 2096 1)
332 2007 572 2087 Cephisodernus
603 2001 813 2064 ascholiasta
847 1999 1035 2062 describitur
1072 1989 1236 2088 θρασύς
1273 1989 1340 2066 καὶ
1375 1981 1505 2079 δεινός

329 2111 437 2219 πρὸς
461 2109 539 2198 adr
564 2097 705 2196 dinae,
734 2123 798 2177 turn
823 2133 854 2177 v.
881 2113 950 2175 702
986 2103 1169 2179 Σκυθῶν
1193 2101 1371 2214 ἐρημία,
1402 2114 1504 2192 sagit·

272 2221 274 2226 ⁵
329 2231 441 2305 tarius,
467 2229 730 2309 asagittnriisque
757 2236 903 2307 paternos
928 2235 1075 2306 cognatos
1090 2220 1327 2311 ducens—2)
1354 2220 1507 2288 Euathlus

328 2337 439 2433 (schot.
454 2335 537 2431 710)
562 2325 702 2445 ῥήτωρ
725 2331 914 2433 πονηρός.
939 2327 1066 2420 λάλος
1092 2329 1159 2406 καὶ
1177 2321 1346 2442 ἀγεννής,
1371 2339 1504 2412 sagitte·

327 2459 455 2538 riusque
479 2456 512 2518 b.
525 2477 555 2518 o.
570 2477 598 2519 c.
626 2431 863 2522 e'o'Obtrolneo
890 2454 1002 2516 dietus.
1015 2487 1065 2501 —
1079 2448 1114 2540 3)
1143 2451 1249 2514 Sehol.
1265 2451 1346 2517 aad.
1367 2425 1505 2533 οὗτος

329 2546 427 2636 aad
457 2549 734 2652 Θουκυδίδης
770 2552 987 2658 Μελησίου
1019 2565 1120 2644 παῖς
1150 2535 1209 2650 ἧν·
1236 2557 1428 2668 γεγόνασι
1457 2547 1505 2632 de*

329 2663 385 2756 δ’,
410 2665 437 2748 o‘
463 2672 696 2772 ἱστορικός,
722 2663 749 2745 ὁ
773 2666 1054 2782 Γαργήττιος,
1080 2664 1106 2745 ὁ
1129 2666 1356 2758 Θετταλός.
1382 2665 1506 2747 o‘Me-

327 2781 484 2883 ληόίου
509 2792 621 2874 παῖς.
648 2793 725 2856 Corn
751 2793 863 2856 Pericli
878 2786 909 2854 in
929 2793 1088 2874 republica
1116 2793 1250 2874 gerenda
1274 2793 1504 2870 adversaretur,

328 2908 379 2978 01.
408 2911 498 2984 81‚1
528 2911 711 2972 ostracisrno
734 2917 784 2971 'eet
809 2909 934 2993 ejectus.
960 2906 1015 2973 Aa.
1039 2909 1131 2990 Vasp.
1158 2928 1189 2971 v.
1213 2905 1295 2982 atu
1323 2907 1406 2970 Plut.
1433 2909 1503 2972 Per.

326 3041 360 3106 p.
388 3022 470 3090 161.
495 3055 545 3073 -
569 3017 606 3112 t)
633 3021 833 3107 Hyperbolus
856 3029 955 3103 patre
969 3066 979 3096 ,
1003 3039 1094 3102 quaem
1125 3040 1250 3083 servum
1274 3022 1420 3103 stigmata
1446 3022 1503 3083 de·
1642 2999 1643 3078 i

281 3119 284 3122 Ι
326 3137 502 3207 formabant
529 3133 637 3228 (Vesp.
666 3131 799 3226 1007),
827 3143 943 3208 natus,
976 3133 1056 3218 pust
1071 3134 1193 3198 Cleonis
1218 3144 1371 3211 mertem,
1397 3143 1505 3217 utpote

326 3251 534 3336 lychnorum.
560 3274 623 3336 quea
647 3253 758 3315 civitas
782 3251 884 3313 minus
898 3250 929 3311 in
943 3249 1079 3312 tenebris
1104 3269 1153 3310 res
1178 3267 1250 3312 suas
1274 3255 1398 3331 ageret,
1424 3269 1505 3315 uen-

328 3363 436 3436 ditor.
469 3367 581 3427 deinde
612 3367 652 3427 ad
685 3373 830 3444 tempus,
862 3370 896 3424 ut
928 3361 1149 3444 rempublicam
1174 3361 1428 3439 administraret,
1453 3380 1504 3425 es·
1642 3403 1643 3420 r

327 3485 468 3560 sumptus
494 3473 585 3569 (Pax.
614 3475 680 3539 681
696 3471 840 3562 -92),
867 3475 1001 3557 denique
1025 3478 1065 3539 ab
1090 3476 1239 3539 malitiam
1264 3483 1296 3539 et
1321 3478 1395 3558 qnia
1420 3477 1501 3540 ciri·

325 3600 420 3656 tatem
446 3588 512 3674 ejus
538 3587 700 3672 pudebat,
734 3589 915 3652 estrnaismo
940 3589 1054 3674 ejectus
1081 3589 1165 3652 Sami
1191 3587 1374 3667 habitabat,
1398 3589 1503 3671 ibique

326 3703 428 3774 obiit.
457 3713 612 3785 pestremo
632 3702 697 3787 jam
722 3709 861 3766 mortuus
885 3703 919 3765 in
943 3703 1026 3765 Oreo
1052 3721 1070 3764 a
1095 3721 1237 3784 caupona
1262 3703 1379 3766 auxilio
1403 3721 1503 3767 voea-
1642 3703 1643 3762 l

325 3824 378 3882 tur
403 3809 498 3904 (lien.
514 3838 545 3881 u.
561 3817 629 3880 5⁷0
656 3824 687 3881 et
712 3809 838 3904 schol).
867 3815 1070 3899 Theopompo
1095 3823 1173 3878 teste
1199 3809 1320 3906 (nib.)
1347 3816 1411 3899 ejus
1435 3834 1505 3878 enr-
1642 3819 1643 3872 t

324 3949 385 4013 pus
411 3930 472 3994 utri
502 3931 654 3994 inclusum
680 3932 712 3994 in
737 3937 887 3994 moreest
912 3929 1316 4015 demersum-Ejusdem
1347 3938 1444 3994 mater
1470 3928 1504 3992 in

326 4041 447 4108 Marica
471 4045 510 4106 ab
536 4035 764 4124 Eupolidem
788 4063 866 4116 anus
890 4043 1076 4122 temulenta,
1101 4045 1263 4110 cordacem
1287 4042 1425 4128 saltans,
1449 4043 1502 4105 in·

324 4157 443 4229 dueta,
469 4155 510 4218 ab
535 4155 708 4236 Hermippo
732 4155 766 4219 iu
789 4137 1095 4262 Ἀρτοπώλισιν
1126 4167 1158 4222 et
1182 4177 1200 4222 a
1224 4158 1355 4222 Platone
1379 4175 1503 4240 quoque

325 4273 392 4336 tota
416 4267 522 4332 tabula
547 4275 594 4332 est
618 4269 748 4333 calcata.
764 4268 862 4359 -b)
888 4270 1081 4346 Alcibiades,
1104 4269 1226 4336 Cliniae
1250 4269 1502 4337 etDinornaahae

321 4377 431 4459 filius,
463 4381 650 4465 sequebatur
683 4379 843 4450 Socratem
877 4379 972 4476 (Arg.
999 4385 1084 4452 Nob.
1110 4381 1184 4479 11),
1217 4385 1272 4454 sed
1297 4385 1505 4469 Hermneopi·
